2706 4212
1263 92 1305 159 39

196 261 292 326 libros
327 260 423 327 editos
436 219 439 227 ,
454 261 646 344 irrepserint,
680 277 716 323 ex
748 258 821 344 ipsis
843 258 937 324 uariis
968 258 1149 325 lectionibus
1171 262 1304 343 apparet.

197 381 255 444 quo
284 362 388 426 autem
415 363 482 428 iure
504 362 712 428 Tertullianus
741 363 930 427 mortuorum
958 380 1071 446 agones
1097 363 1200 428 'uarios
1223 365 1306 429 dieat

197 461 360 527 Orsuaerus
381 462 553 544 (antiquitt.
574 460 727 527 romann.²
748 479 818 546 pag.
832 463 905 526 464.
925 461 1000 544 478)
1023 461 1152 528 docebit.

97 601 105 614 ·
214 582 233 665 j
279 581 441 662 postquam
463 579 672 645 Tertullianus
700 578 783 662 ipsos
814 564 904 643 ludos
923 597 1093 662 agonesque
1114 578 1304 646 idololatriae

197 681 325 745 erimine
353 680 449 744 teneri
478 679 722 762 comprobauisse
744 679 809 743 sibi
831 679 914 743 uisus
935 680 999 757 est,
1032 682 1082 746 17.
1104 698 1130 741 nr
1151 700 1189 746 ne
1210 699 1304 764 appa-

195 780 280 843 ratus
309 777 431 860 quidem
459 795 592 861 agonum
620 777 726 843 eodem
758 778 883 842 crimine
912 796 1018 844 uacare
1042 783 1168 846 monet·
1197 800 1304 864 quam·
1340 851 1343 855 ,

196 899 288 964 quam
316 898 392 962 quaa
420 878 452 944 in
480 879 545 944 cod.
568 881 597 943 A
618 879 654 944 16
676 898 712 944 66
732 898 764 944 16
784 880 929 963 leguntur
951 873 1093 963 corrupta
1114 899 1179 947 esse
1201 900 1304 947 omnes

196 1001 214 1047 a
235 980 360 1047 Gelenio
381 982 451 1046 inde
471 981 533 1045 uiri
555 979 635 1045 (loeti
657 980 858 1044 consentiunt
900 999 1006 1046 uereor
1033 982 1136 1046 tamen
1163 984 1198 1046 ut
1223 984 1304 1047 recte

197 1083 435 1149 amendauerint.
470 1085 561 1164 atque
576 1080 722 1147 Oehlerus
738 1081 869 1163 quidem,
892 1082 977 1147 cuius
993 1083 1161 1151 sententiaa
1175 1083 1304 1148 Reiffer-

48 1234 52 1245 .
128 1234 131 1240 .
196 1186 348 1251 scheidius
371 1186 521 1251 calculum
543 1183 662 1261 adiecit,
685 1184 720 1246 ut
744 1182 780 1248 (16
802 1184 952 1249 sententia
972 1183 1032 1249 loci
1053 1185 1133 1250 recte
1153 1184 1304 1264 statuerit,

195 1288 298 1350 tamen
331 1304 349 1349 a
380 1285 483 1350 codice
515 1284 645 1348 nimium
676 1283 815 1362 recessit,
848 1284 901 1366 qui
928 1283 979 1348 uel
1006 1282 1145 1367 flagitare
1173 1284 1303 1351 uidetur.

78 1428 85 1441 -
195 1386 227 1449 iu
256 1385 360 1450 eadem
389 1384 601 1450 enuntiatione
630 1402 683 1447 cur
707 1382 948 1447 Reifferscheidii
977 1384 1216 1450 emendationem
1245 1404 1304 1450 non

195 1484 349 1565 amplexus
379 1482 454 1561 sim,
483 1501 573 1547 causa
601 1483 662 1561 est,
690 1482 771 1565 quod
799 1481 859 1547 nisi
886 1482 1038 1564 pluratiuo
1065 1503 1189 1549 numero
1211 1503 1303 1568 appa·

195 1584 317 1648 ratuum
339 1583 545 1648 Tertullianus
568 1601 641 1647 usus
662 1601 722 1648 non
743 1583 799 1646 est.

280 1692 316 1756 (16
339 1692 386 1757 17.
408 1709 435 1751 u
463 1692 537 1774 quid
559 1691 704 1756 sentirem
725 1691 758 1755 in
778 1691 893 1756 616611.
916 1690 997 1756 criti.
1018 1711 1087 1776 pag.
1112 1695 1150 1759 15
1172 1694 1302 1775 exposui.

280 1810 329 1874 17.
350 1827 376 1870 25
397 1830 460 1891 pro
488 1809 609 1892 callepio
637 1809 752 1873 cutiam
778 1808 982 1874 Musicolium
1011 1812 1067 1876 eta
1095 1830 1150 1876 our
1177 1812 1304 1876 Reiffer-

200 1910 346 1976 scheidius
367 1910 452 1975 obelo
473 1909 626 1975 notauerit
647 1909 757 1974 nescio.
1205 1950 1210 1957 ·

279 2037 327 2101 18,
352 2056 365 2094 s
392 2038 533 2118 superest
560 2032 646 2097 illias
673 2032 879 2115 iusipae'ssimi
905 2031 1072 2116 spectaculi
1100 2036 1305 2119 616666666-

198 2135 274 2199 sioci'
286 2136 450 2218 receperitis
472 2153 532 2216 qna
552 2153 585 2198 re
604 2133 753 2198 adductus
775 2133 834 2197 sim
854 2133 890 2196 ut
903 2132 1066 2197 scriberem
1080 2138 1183 2218 pag.2
1205 2138 1301 2202 notl

201 2236 365 2319 explanaui.

278 2354 359 2419 recte
386 2353 559 2437 Rigaltium
582 2354 630 2416 18.
652 2371 677 2413 (6
704 2349 781 2415 cauli
808 2355 907 2416 statas
935 2351 1090 2434 scripsisse
1118 2352 1303 2418 161611666-

200 2455 299 2520 schius
320 2455 414 2534 (Itala
435 2454 497 2517 und
519 2452 655 2536 Uulgata
676 2472 706 2535 p.
728 2452 803 2535 324)
826 2453 955 2518 uiderat.

281 2575 329 2638 18.
345 2592 370 2634 1a
392 2572 471 2654 quod
491 2571 610 2636 ortibus
630 2570 734 2635 addidi
756 2573 787 2634 et
810 2570 858 2635 18.
876 2590 900 2629 6
919 2572 1073 2651 feriarum
1093 2590 1145 2653 pro
1163 2573 1304 2653 sacrum

60 2755 62 2761 Ι
199 2674 301 2757 scripsi
324 2674 511 2739 excusabunt
531 2673 647 2737 adnott
670 2673 751 2738 critt.
773 2692 843 2755 pag.
867 2674 916 2738 12.

281 2795 330 2858 18.
344 2811 370 2856 re
391 2812 461 2857 cunr
483 2791 555 2874 quid
576 2790 650 2854 inA
672 2791 781 2856 fuisset
801 2791 864 2855 iarn
885 2791 1002 2856 dinosci
1016 2811 1076 2856 non
1091 2791 1202 2874 posset,
1224 2792 1304 2857 recte

200 2892 372 2978 Gangneius
390 2896 499 2975 fasces,
520 2891 600 2956 male
614 2891 768 2974 Rigaltius
787 2892 904 2972 fascios
921 2891 1090 2957 ediderunt.
1133 2911 1197 2957 rem
1213 2893 1303 2970 enim,

199 2994 235 3059 de
260 3013 317 3077 qua
339 2994 428 3073 dicit,
456 2992 665 3058 Tertullianus
687 2992 725 3056 ad
747 2994 924 3074 quaesturas
945 2993 1145 3078 magistratus
1167 2991 1304 3056 flaminia

199 3094 363 3159 sacerdotia
398 3093 543 3158 transisse
575 3092 767 3156 narrauarat:
803 3092 987 3173 respondent
1014 3109 1180 3173 purpureae
1209 3091 1304 3155 fasces

198 3195 292 3259 uittae
314 3213 457 3260 coronae:
484 3194 563 3258 nihil
582 3193 621 3257 ad
643 3193 844 3274 magistratus
864 3192 986 3256 fasciae.

280 3316 363 3378 raa
399 3334 436 3378 ne
469 3314 590 3378 iniuria
616 3312 740 3395 quidem
770 3330 786 3376 6
813 3310 930 3376 66111
962 3311 1105 3376 restituta
1140 3311 1305 3394 quidquam

133 3424 139 3436 ·
196 3413 270 3479 iacit
301 3414 340 3479 ad
368 3415 468 3496 locum
497 3413 743 3497 intelligendum.
780 3419 849 3478 ⁴uec
877 3431 953 3495 quae
983 3413 1020 3477 (16
1043 3413 1196 3494 periuriis
1225 3413 1305 3494 apud

198 3513 369 3577 Pamelium
399 3513 566 3577 Heraldnm
602 3513 777 3598 Rigaltium
814 3513 1001 3595 exponuntur
1040 3512 1205 3594 quidquam
1239 3512 1305 3575 sani

197 3613 318 3679 habent.
368 3616 523 3696 praetcrea
554 3615 652 3679 malui
680 3634 733 3698 epo
758 3633 774 3679 e
800 3612 914 3679 coda
945 3613 978 3677 in
1009 3613 1175 3677 orationem
1207 3610 1304 3677 conti·

197 3734 289 3780 nuam
337 3705 485 3797 recipere,
533 3717 673 3798 quamuis
717 3716 770 3798 qui
811 3714 1000 3779 Tertulliano
1042 3712 1102 3793 ipsi
1145 3710 1183 3775 (16
1225 3711 1304 3775 circo

196 3814 348 3899 peroranti
381 3816 510 3898 oppositi
543 3816 606 3880 sint
641 3817 673 3881 et
702 3816 816 3880 circum
848 3814 961 3879 iniuria
989 3813 1138 3877 sustinere
1167 3810 1305 3875 dieantur

198 3920 339 3984 nesciam.
390 3919 502 4001 quippe
519 3920 556 3983 'ii
586 3920 645 4001 ipsi
674 3919 837 3984 desiderari
857 3917 1015 3994 uidentur,
1045 3916 1145 3980 nescio
1167 3914 1222 3997 qui
1244 3914 1304 3980 cir·

197 4020 331 4086 censium
353 4038 455 4086 rerum
477 4021 606 4105 patroni.
684 4085 688 4093 ,
