2706 4212
1219 66 1259 133 37

156 231 340 296 damnandos
381 231 455 296 dicit
495 249 588 314 quam
627 230 874 313 splendissimam
914 232 945 297 et
989 233 1260 316 locupletissimam

154 351 294 415 pompam
315 335 348 397 in
369 333 448 398 circo
469 351 611 397 romano:
634 333 798 416 utrumque
821 324 902 398 enim
923 352 1019 418 genus
1042 335 1145 399 eodem
1161 335 1259 401 idolo-

154 433 260 498 latriae
281 434 406 500 crimine
427 434 534 499 teneri.

240 538 287 600 13.
303 555 325 595 u
348 534 497 600 Isidorum
520 535 604 617 sequi
620 535 715 599 malui
732 553 800 598 cum
814 535 938 618 propter
951 537 1117 600 extremam
1131 535 1259 618 proximi

155 634 294 699 uocabuli
315 634 452 699 litteram
474 636 542 698 tum
564 635 648 718 quod
668 637 852 718 praepositio
876 637 977 703 deesse
1000 656 1060 702 non
1081 636 1189 719 potest.

237 735 411 817 corruptum
442 737 490 801 13.
507 754 531 795 re
559 735 682 799 uidetur
714 736 745 800 et
776 736 827 800 uir
859 737 1015 802 ferendum
1045 737 1098 802 boc
1130 738 1259 801 2222122.

153 835 339 917 2222221221
382 835 555 900 ueneficae?
597 837 630 900 at
650 836 783 901 uenefiea
813 837 936 919 quidem
958 837 1042 904 Circe
1071 856 1130 902 non
1159 838 1259 902 nomi·

152 935 291 1000 nabatur.
335 955 433 1019 neque
462 956 516 1002 sno
547 937 668 1001 nomine
695 938 749 1001 aut
776 956 830 1002 suc
861 938 983 1020 ingenio
1013 957 1047 1002 er
1075 937 1259 1002 Tertulliani

13 1032 15 1079 l
152 1038 305 1102 sententia
332 1038 469 1103 homines
498 1038 578 1103 male
606 1038 719 1121 agunt,
742 1038 795 1103 sed
824 1038 1050 1103 daemoniorum
1072 1037 1206 1120 impulsu
1227 1040 1259 1104 21

13 1150 14 1183 ³
152 1138 364 1221 instigatione,
395 1141 429 1203 ut
459 1139 596 1225 dubitem
626 1159 664 1204 an
693 1140 726 1204 id
755 1139 834 1222 quod
868 1140 1088 1205 emendandum
1116 1141 1258 1223 proposui

151 1241 261 1305 borum
287 1242 409 1304 2222122
433 1242 466 1305 in
490 1242 558 1323 ipsa
584 1241 767 1306 Tertulliani
794 1240 888 1305 uerba
912 1243 1043 1323 recipere
1064 1240 1257 1324 praestiterit.

236 1343 271 1407 de
294 1345 342 1409 13.
358 1361 384 1403 22
405 1344 435 1408 21
458 1346 506 1409 14.
523 1362 544 1423 2,
575 1343 628 1409 ubi
649 1358 702 1408 eos
722 1362 775 1425 prc
796 1343 862 1422 bos,
885 1344 916 1408 et
938 1343 987 1407 14.
1002 1360 1037 1422 ns,
1067 1343 1121 1407 ubi
1141 1344 1183 1407 112
1203 1360 1257 1424 pro

150 1447 200 1510 bis
221 1445 337 1528 scripsi,
360 1445 493 1510 breuiter
515 1446 668 1528 disputaui
689 1446 722 1510 in
746 1445 861 1510 aductt.
883 1445 964 1509 critt.
987 1463 1078 1528 pagg.
1101 1445 1137 1509 ll
1163 1442 1185 1507 a
1207 1444 1256 1507 12.

86 1547 90 1554 ’
236 1546 427 1612 Hermateles
449 1547 511 1625 ille,
533 1547 619 1612 cuius
641 1546 821 1611 auctoritate
843 1546 877 1610 in
898 1544 1109 1610 constituenda
1134 1543 1258 1608 obelisci

152 1647 339 1713 dedicatione
362 1646 569 1712 Tertullianus
603 1648 650 1711 13.
666 1665 692 1706 22
720 1646 835 1725 211122,
858 1647 910 1728 qui
939 1645 1032 1710 fuerit
1060 1644 1146 1727 eique
1173 1662 1256 1722 num,

152 1746 406 1830 quemadmodum
429 1749 461 1811 in
487 1747 602 1813 adnott.
625 1748 706 1812 critt.
728 1765 797 1831 pag.
822 1749 857 1811 ll
890 1765 949 1810 nou
979 1748 1043 1812 sine
1070 1744 1258 1810 dubitatione

150 1848 273 1926 conieci,
295 1848 468 1913 Demeteles
490 1848 644 1931 plinianus
667 1846 896 1912 substituendus
917 1848 968 1926 sit,
995 1847 1069 1910 uiris
1091 1845 1186 1910 doctis
1208 1864 1257 1910 re-

150 1949 257 2031 linquo
279 1948 514 2014 diiudicandum.

236 2058 323 2123 112
346 2060 427 2141 quod
447 2065 594 2142 22922212
615 2058 734 2141 scripsi,
758 2059 875 2133 erraui;
897 2057 1022 2140 corrige,
1045 2056 1072 2120 21
1094 2055 1256 2134 uidebitur,

10 2194 12 2237 ς
150 2164 292 2241 arpenta:
314 2160 357 2224 sic
378 2161 458 2225 enim
480 2162 512 2224 in
533 2161 560 2225 A
584 2163 615 2225 et
636 2161 663 2224 Β
684 2158 830 2240 scriptum
852 2159 907 2223 est.

238 2266 311 2329 15.1
334 2284 403 2329 cum
424 2262 552 2330 mutilus
575 2266 623 2330 211
636 2265 701 2330 cod.
717 2266 755 2343 A,
777 2283 814 2330 ea
834 2265 937 2329 autem
959 2283 1035 2347 quae
1056 2263 1136 2346 apud
1152 2262 1257 2347 Gang-

151 2368 254 2443 neium
276 2369 306 2432 et
327 2368 368 2432 in·
382 2368 509 2450 reliquis
532 2368 673 2432 omnibus
694 2366 877 2432 editionibus
903 2368 1023 2448 praeter
1050 2366 1256 2450 rigaltianam,

150 2472 183 2533 12
206 2488 265 2550 qua
290 2469 438 2533 uocabula
461 2469 498 2533 de
519 2471 590 2552 depo
619 2469 699 2533 recte
729 2468 842 2532 omissa
868 2469 953 2546 sunt,
982 2469 1126 2551 leguntur
1154 2465 1257 2530 inania

151 2573 230 2650 sint,
252 2572 500 2655 antiquissimum
521 2573 554 2635 in
576 2572 632 2636 hcc
654 2572 719 2636 1222
740 2570 908 2648 auctorem,
929 2570 1096 2648 Isidorum,
1125 2587 1256 2652 sequen-

153 2671 225 2735 dum
254 2688 317 2734 esse
344 2670 458 2751 putaui.
502 2688 580 2752 quae
601 2670 683 2734 enim
704 2669 859 2734 uocabulis
877 2669 914 2732 de
933 2672 1005 2751 1292
1026 2669 1107 2733 22112
1129 2668 1256 2734 subest?

152 2771 310 2853 oportebat
332 2773 422 2850 22212,
444 2771 480 2834 21
501 2771 760 2854 intelligerentur,
783 2770 820 2834 dc
840 2772 929 2853 iupis.
971 2769 1103 2847 accedit,
1125 2768 1207 2852 quod
1224 2768 1256 2833 in

10 2870 12 2891 ³
151 2872 251 2937 codice
266 2871 296 2935 A
312 2872 471 2936 manifeste
486 2873 632 2936 nonnulla
647 2872 794 2936 uocabula
809 2871 926 2936 desunt.
954 2870 1106 2948 librarius
1121 2870 1157 2932 ut
1170 2870 1255 2947 solet,

152 2992 170 3037 a
192 2972 286 3037 simili
307 2991 378 3036 uoce
400 2972 438 3036 ad
455 2973 586 3037 similem
602 2973 764 3050 aberrauit,
787 2973 823 3036 ut
838 2991 896 3036 ncn
910 2972 1010 3036 solum
1028 2971 1149 3053 seiugae
1163 2970 1255 3047 Iouis,

151 3073 205 3137 sed
227 3073 319 3137 etiam
341 3073 506 3157 quadrigae
525 3073 604 3138 Solis
625 3073 837 3144 inscribendo
858 3072 1181 3154 praetermitterentur.
1218 3089 1256 3135 22

151 3171 182 3234 121
206 3172 339 3254 quidem,
364 3173 443 3253 quod
464 3173 548 3237 locus
566 3172 641 3237 inA
659 3175 803 3238 obscurus
823 3192 857 3239 ea
876 3192 951 3255 quae
971 3174 1005 3237 in
1022 3173 1148 3255 reliquis
1167 3172 1255 3237 libris

152 3272 290 3336 feruntur
314 3271 463 3356 erpwine
484 3272 642 3357 appellarat
662 3273 765 3357 1221222
792 3293 852 3338 222
886 3275 983 3357 capit,
1015 3275 1190 3358 quominus,
1222 3274 1257 3336 ut

10 3434 11 3437 ,
150 3373 219 3450 1221,
242 3373 359 3454 expleas
381 3374 525 3457 impedit:
548 3393 672 3458 graecae
695 3376 776 3440 enim
793 3376 917 3459 linguae
930 3375 1090 3440 librarium
1106 3376 1169 3439 eius
1184 3373 1257 3439 libri

151 3473 241 3555 plane
274 3472 381 3537 rudem
417 3473 510 3537 fuisse
539 3475 571 3538 12
600 3474 697 3557 iisque
732 3474 936 3541 describendis
969 3474 1102 3538 titubare
1131 3474 1162 3538 et
1191 3474 1255 3539 labi

152 3575 247 3640 solere
261 3576 380 3654 praeter
396 3577 494 3639 cetera
509 3577 644 3640 extrema
661 3576 770 3657 capitis
785 3578 824 3640 25
841 3577 934 3641 uerba
947 3594 1017 3658 pag.
1033 3577 1081 3640 29.
1098 3594 1119 3634 u
1137 3575 1255 3640 docent.

237 3685 285 3748 15.
308 3701 343 3744 22
362 3704 414 3749 222
444 3688 546 3768 spreta
573 3685 762 3750 codicumA
791 3687 822 3751 et
850 3708 868 3747 κ
896 3686 1025 3751 12211222
1053 3685 1256 3767 dissipantem

152 3803 254 3850 omnes
289 3786 407 3866 praeter
442 3786 635 3869 Gangreium
679 3786 809 3852 editores
852 3787 1043 3869 2221222122
1082 3785 1257 3866 scripserint

151 3888 262 3951 nescio.
304 3886 360 3950 illa
381 3886 519 3951 uocabuli
541 3888 638 3952 forma
659 3888 795 3971 uulgaris
817 3889 848 3952 ct
869 3887 988 3970 plebeia
1008 3887 1102 3951 luisse
1124 3885 1255 3949 uidetur.

152 3986 270 4068 practer
297 3988 457 4070 prologum
486 3987 614 4054 Poennli
642 3989 774 4071 plautini
800 3988 882 4053 enim
911 3989 958 4073 (u.
992 3987 1048 4070 19)
1077 3987 1109 4050 in
1139 3984 1255 4050 duabus
1293 4024 1337 4144 A
