2706 4212
1248 68 1290 133 33

183 237 301 304 scilicet
335 235 454 303 uocales
484 236 517 301 in
549 253 604 300 sua
635 235 757 317 propria
787 234 979 313 calamitate;
1019 236 1094 301 tunc
1129 217 1289 301 histriones

182 337 398 421 cognoscendi,
435 336 596 402 solutiores
631 337 729 401 multo
762 355 815 418 per
847 338 970 421 ignem3
1003 338 1077 403 tunc
1107 337 1289 419 spectandus

105 491 112 504 .
183 440 291 522 auriga
311 439 344 503 in
364 438 506 504 flammea
525 440 593 504 rota
611 439 694 527 tetus
709 438 820 514 ruben
842 438 916 502 tnnc
930 438 1040 522 xystici
1056 437 1289 520 contemplandi,

183 556 244 603 non
272 539 305 602 in
332 539 518 623 gymnasiis,
548 538 601 604 sed
629 538 662 603 in
690 538 761 621 igne
789 537 930 616 iaculati,
959 537 1019 602 nisi
1047 536 1127 619 quod
1154 556 1192 601 ne
1219 538 1291 601 tune

161 638 307 722 squidem
328 639 398 705 illos
422 641 516 705 uelim
537 640 634 720 meos,
663 642 699 704 ut
727 641 779 722 qui
807 641 915 705 malim
944 640 983 705 ad
1010 659 1060 705 eos
1090 641 1192 723 potius
1220 660 1292 706 eon-

183 744 322 825 spectum
343 743 549 809 insatiabilem
580 745 729 823 conferre,
760 743 812 825 qui
832 743 865 807 in
887 742 1042 807 dominum
1070 741 1290 808 desaeuierunt.

183 843 233 908 hic
255 844 303 909 est
322 843 396 922 ille,
424 844 538 923 dicam,
566 843 646 909 fabri
668 845 722 908 aut
743 843 953 927 quaestuariae
974 843 1073 923 filius,
1096 843 1216 909 sabbati
1238 842 1292 907 de·

183 944 331 1023 structor,
355 942 522 1009 Samarites
551 945 582 1011 et
611 944 803 1010 daemonium
830 944 963 1022 habens;
990 944 1039 1009 hic
1067 945 1130 1024 est,
1161 962 1292 1026 querna

183 1045 261 1110 Iuda
282 1046 464 1127 redemistis,
486 1047 537 1115 hic
556 1048 604 1113 est
619 1048 673 1113 ille
687 1046 857 1112 harundine
874 1046 905 1110 et
922 1046 1056 1128 colaphis
1074 1046 1290 1120 diuerberatus,

152 1145 385 1227 resputamentis
406 1145 616 1226 dedecoratus,
638 1147 711 1212 selle
732 1147 763 1212 et
786 1147 869 1211 aceto
890 1146 1026 1228 metus,-
1049 1147 1099 1210 hic
1119 1148 1180 1224 est,
1202 1164 1292 1228 quem

184 1246 265 1311 clam
287 1246 434 1312 discentes
456 1247 688 1330 subripuenmt,
720 1248 756 1312 ut
776 1247 941 1312 surrexisse
971 1246 1105 1325 dicatur,
1136 1246 1187 1311 uel
1208 1248 1290 1311 orto-

184 1345 272 1411 lanus
295 1344 439 1425 detraxit,
468 1364 506 1410 ne
533 1347 668 1411 lactucae
695 1364 767 1410 suae
788 1345 957 1428 frequentia
977 1345 1213 1410 commeantium
1236 1346 1290 1410 ad·

184 1445 385 1511 laederentur.
438 1446 474 1510 ut
502 1446 579 1513 talia
607 1446 739 1528 spectes,
768 1445 803 1509 ut
832 1444 945 1509 talibm
976 1445 1106 1522 exultes,
1137 1447 1205 1527 quis
1234 1446 1292 1511 tibi

185 1547 306 1643 praetor
327 1546 381 1610 aut
402 1546 507 1610 consul
534 1547 588 1611 aut
619 1548 759 1628 quaestor
781 1546 835 1610 aut
855 1545 993 1611 sacerdos
1015 1546 1052 1610 de
1074 1564 1129 1610 sua
1156 1545 1293 1611 liberali-

154 1636 248 1714 catate
276 1648 523 1730 praestabitle
524 1650 672 1714 ttamen
702 1648 812 1714 haec'
803 1667 865 1712 ram
896 1647 1117 1730 quedammodo
1145 1649 1292 1713 habemus

99 1815 104 1823 ,
186 1745 357 1831 perfidem
381 1745 499 1828 spiritu
526 1746 717 1830 imaginante
745 1746 979 1828 repraesentata.
1027 1748 1161 1811 ceterum
1190 1748 1293 1828 qualia

185 1847 242 1912 illa
262 1847 350 1926 sunt,
380 1864 457 1929 quae
478 1865 532 1912 nec
553 1847 658 1913 oculus
680 1847 761 1911 uidit
782 1866 836 1912 nec
865 1847 946 1911 auris
974 1846 1093 1912 audiuit
1114 1849 1222 1913 necin
1243 1865 1293 1912 cor

185 1948 317 2013 hominis
338 1946 561 2014 ascenderunt?
604 1947 705 2027 credo,
734 1948 812 2012 circo
835 1948 911 2011 etu
891 1948 1019 2069 utraque
1046 1966 1138 2013 cauea
1159 1950 1189 2013 et
1210 1950 1292 2012 omni

186 2050 285 2117 stadio
307 2049 451 2134 gratiora.

258 2233 289 2287 17
320 2231 410 2287 lOor.
427 2232 500 2287 11.9

238 2415 255 2470 2
280 2416 454 2484 expectandus
471 2421 492 2470 A
596 2415 614 2469 3
639 2416 736 2471 rubens
754 2421 776 2470 Β
881 2417 989 2486 exystici
1007 2421 1028 2470 A
1131 2417 1149 2470 4
1171 2417 1200 2471 in
1219 2418 1291 2487 igne]

186 2503 248 2572 igne
266 2507 288 2556 A
374 2521 422 2559 nec
439 2509 461 2558 Β
545 2504 560 2557 5
578 2503 659 2557 uelim
676 2505 746 2558 uisos
763 2503 856 2574 (uelim
875 2504 915 2557 uis
932 2504 963 2558 r'sa
980 2504 1096 2573 rasura)
1115 2510 1136 2558 A
1218 2505 1234 2558 6
1252 2506 1292 2558 in-

186 2590 334 2646 aatiabilem
351 2607 385 2646 aa
402 2591 580 2647 insociabilem
597 2597 620 2645 A
689 2592 822 2646 dominum
841 2608 873 2645 ecc
890 2591 994 2646 domino
1010 2598 1029 2645 A
1099 2593 1114 2644 7
1132 2592 1293 2659 quaestuarii

188 2678 259 2732 Para
346 2677 436 2732 8d9
457 2678 849 2733 hicest-redemistisomA
938 2679 968 2732 11
988 2696 1033 2731 sur
1041 2719 1153 2734 .......
1172 2684 1294 2731 Aresur·

185 2766 280 2820 rexisse
298 2771 320 2820 Β
410 2766 440 2819 11
460 2764 483 2817 d
502 2765 535 2819 12
551 2765 707 2820 hortulanus
724 2771 746 2820 Β
836 2767 867 2820 12
885 2782 932 2837 nec
949 2765 974 2835 (c
991 2764 1086 2834 meaa)
1109 2771 1131 2818 A
1220 2764 1252 2818 12
1270 2764 1292 2816 dx

188 2852 219 2907 13
237 2853 421 2908 adlederentur
436 2857 457 2906 A
474 2850 640 2908 laederentur
657 2859 679 2908 Β
776 2855 809 2908 16
825 2855 956 2967 caeterum
974 2857 995 2906 A
1090 2852 1122 2906 18
1139 2851 1256 2907 ascendit
1271 2857 1293 2904 A

220 2945 335 2995 caueaA
353 2938 404 2994 aa
426 2940 502 2995 caula
520 2945 542 2994 Β
