2706 4212
93 62 134 127 36

94 247 143 294 eae
167 228 394 311 inquirendum,
417 228 471 291 sed
493 228 586 292 exiis
607 228 759 306 tontibus,
781 227 820 292 ad
841 247 920 309 quos„
938 227 1095 293 christiani
1118 245 1202 292 acce·

95 329 163 394 dere
186 329 246 392 iere
270 348 329 393 non
351 328 497 406 solebant,
520 346 623 392 earum
646 328 756 392 notitia
770 329 900 409 petenda
920 330 993 392 erat.
1037 334 1201 409 quodcum

95 430 174 494 reete
205 430 404 494 intellexisset
426 428 600 512 Rigaltius,
622 429 715 493 uerba
735 430 839 492 tamen
859 429 904 493 ita
931 429 1145 507 conformant,
1166 428 1203 492 ut

95 530 174 613 quae
203 534 353 598 sententia
382 533 481 598 subsit
510 535 634 598 nescias.
680 553 740 615 quo
768 536 849 599 enim
870 536 963 599 uerba
983 552 1057 600 mee
1077 533 1202 599 otiando

93 635 343 717 inaestipandnm
359 638 422 717 fait
444 658 537 720 qnam
559 637 596 701 rte
622 638 835 702 instrumentis
861 637 1054 702 ethnicalium
1084 636 1201 700 littera-

92 756 164 800 rnm
191 737 364 817 pertineant
392 756 440 802 me
470 738 597 818 quidem
624 738 763 821 ignorare
790 738 895 804 fateor.
937 738 1084 802 facillima
1105 738 1202 819 igitur

94 836 302 901 emendatione
323 859 362 902 ea
383 839 496 921 ipnotis
517 858 614 922 peries
635 837 746 919 plnres
771 844 944 904 nostrornm
971 840 1049 903 actis
1069 836 1202 920 Rigaltii

10 996 12 999 .
94 937 225 1021 uestigia
246 941 367 1002 secutus
389 939 505 1021 scripsi.

176 1038 213 1101 de
231 1040 277 1103 10.
285 1057 311 1099 11
326 1039 356 1103 et
374 1041 442 1104 lla
463 1038 538 1120 quid
558 1040 702 1104 sentirem
717 1041 839 1122 exposui
853 1041 886 1104 in
901 1038 1017 1104 adnott.
1032 1040 1113 1104 eritt.
1129 1057 1157 1120 p.
1171 1041 1199 1104 8.

176 1138 289 1202 mirum
299 1140 397 1221 primo
412 1138 537 1220 quidem
551 1139 661 1203 obtutu
676 1140 798 1203 uidetur
816 1139 897 1221 qaod
910 1141 983 1203 inA
997 1141 1112 1222 legitur
1124 1141 1172 1205 11.
1188 1159 1200 1198 r

93 1237 199 1301 debinc
221 1241 343 1304 eearriu
363 1243 433 1321 anm
453 1240 556 1303 Marti
576 1239 727 1305 Romaim
749 1240 838 1305 dicit.
857 1251 860 1257 '
880 1242 983 1304 tamen
1011 1241 1200 1323 praepostere

93 1338 224 1403 editores
246 1339 390 1417 fecerunt,
413 1340 495 1420 quod
514 1340 641 1403 tertium
660 1341 843 1405 uocabulum
861 1341 976 1406 nullius
994 1342 1087 1423 pretii
1106 1341 1199 1433 duxe-

94 1440 175 1504 runt.
218 1441 337 1504 mutata
358 1440 599 1522 interpunctione
621 1460 710 1505 suum
732 1441 921 1506 Tertulliano
943 1442 1073 1506 reet'tui.
1240 1524 1243 1529 Ι

175 1541 211 1603 ut
235 1542 282 1605 11.
297 1558 322 1598 11
344 1541 483 1604 uoculam
504 1545 532 1603 et
552 1539 695 1605 adderem
716 1541 852 1606 oodexA
874 1543 999 1607 suadere
1021 1543 1199 1608 uidebatur:

92 1645 130 1710 ab
151 1645 344 1726 impudentia
363 1667 384 1710 a
401 1645 577 1710 uiolentiae.

174 1746 213 1810 ed
238 1749 285 1811 11.
301 1765 325 1808 11
346 1748 483 1812 consulto
502 1746 655 1812 Francisci
668 1745 750 1810 Iunii
769 1749 951 1813 sententiam
972 1750 1079 1813 afferre
1100 1749 1198 1826 omisi,

91 1867 145 1930 pro
163 1847 245 1911 XII.
265 1846 399 1913 Kalend.
417 1848 607 1930 Septembres
622 1848 845 1913 emendandum
864 1851 1014 1915 censentis
1034 1849 1110 1915 XV.
1128 1850 1199 1914 Ku-

91 1949 170 2014 bend.
198 1948 395 2032 Septembres.
446 1953 515 2014 oum
546 1948 734 2012 Tertulliano
766 1950 847 2012 enim
877 1951 927 2014 uel
954 1949 1097 2016 Suetonio
1123 1969 1198 2034 ago-

91 2050 215 2114 bardino
244 2049 339 2114 Uarro
367 2050 534 2127 consentit,
569 2049 623 2130 qui
653 2067 707 2113 eur
733 2049 899 2114 Plutarcho
934 2051 1036 2116 cedere
1071 2054 1199 2134 cogatur

91 2154 194 2218 nescio
218 2152 271 2234 (cf.
296 2152 490 2234 Marquardti
511 2153 670 2235 antiquitt.
713 2153 862 2217 Romana.
884 2153 939 2218 IV.
961 2153 1047 2237 456).

175 2252 214 2317 ad
236 2253 326 2316 1111
348 2253 386 2317 ef.
409 2252 526 2318 adnott.
547 2254 630 2320 critt.
651 2272 721 2336 pag.
745 2254 774 2318 9.

177 2354 225 2418 12.
242 2371 266 2412 a
289 2354 435 2417 constitui
458 2353 575 2418 adnott.
598 2353 679 2417 critt.
701 2372 791 2436 pagg.
814 2354 833 2416 9
855 2354 886 2418 et
908 2356 955 2418 10.

177 2457 266 2519 1211
294 2454 413 2537 aliquid
449 2455 553 2520 deesse
584 2455 675 2536 puto:
711 2454 899 2519 desideratur
930 2455 1027 2531 11111,
1064 2473 1133 2518 cum
1162 2454 1197 2518 de

92 2555 339 2619 decantatissimo
368 2556 444 2620 olim
475 2555 682 2632 nominatim,
713 2574 802 2637 quem
837 2555 957 2634 dieunt,
988 2554 1130 2618 absoluto
1160 2574 1224 2619 ne·

90 2654 285 2737 cogitandum
308 2657 432 2739 quidem
455 2657 505 2733 sit,
527 2656 692 2738 principale
714 2655 880 2721 sententiae
899 2656 1025 2720 uerbum
1040 2658 1094 2720 aut
1108 2675 1196 2738 prae-

90 2753 231 2818 dicatum.
277 2756 419 2821 lacunam
440 2757 554 2821 notaui.

175 2858 251 2920 lar
274 2876 327 2921 cur
348 2876 418 2921 oum
439 2856 539 2921 codice
562 2858 658 2922 faeere
680 2877 740 2923 non
768 2861 917 2941 potuerim
946 2859 1197 2924 demonstrabunt

90 2956 207 3019 adnott.
231 2956 312 3021 oiitt.
334 2975 402 3040 pag.
428 2959 476 3021 10.

175 3067 249 3129 13.e
270 3067 433 3147 postquam
455 3085 580 3148 pompas
601 3069 748 3161 circenses
769 3090 806 3135 ne
829 3071 862 3134 in
884 3070 1050 3152 prouinciis
1071 3069 1196 3153 quidem

89 3165 279 3229 idololatriae
300 3167 426 3230 crimine
450 3185 555 3232 uacare
577 3169 726 3250 exposuit,
748 3167 853 3250 paucis
876 3184 953 3248 quae
976 3166 1092 3231 dixerat
1112 3186 1194 3231 oom-

88 3267 194 3347 plexus
214 3286 334 3330 omnem
356 3267 562 3333 idololatriam
584 3270 649 3334 siue
669 3269 787 3335 sordide
807 3269 871 3333 siue
887 3267 1005 3331 modice
1018 3286 1072 3348 pro
1087 3268 1195 3349 opibus

89 3368 267 3450 oppidorum
292 3368 526 3449 prouincialium
555 3370 736 3435 instructam
767 3367 852 3451 (nam
873 3367 1118 3450 splendidissimo
1140 3386 1194 3449 ap·

87 3469 197 3549 paratu
218 3469 278 3532 nisi
300 3469 414 3532 Romae
435 3470 501 3533 fieri
531 3489 588 3535 non
619 3470 771 3553 poterant)
801 3488 861 3535 non
889 3470 989 3533 minus
1013 3467 1194 3533 Christianis

87 3568 323 3633 abominandam
344 3588 408 3633 esse
429 3589 521 3651 qoam
543 3590 685 3653 pompam
700 3570 1036 3653 magnificentissimam
1050 3569 1193 3634 affirmat.

88 3691 165 3754 quae
179 3674 239 3738 loci
253 3675 405 3738 sententia
420 3677 596 3757 postulabat
611 3678 647 3740 ut
659 3677 755 3741 altero
768 3676 819 3740 aab
833 3676 935 3740 addito
951 3677 1113 3741 scriberem
1126 3676 1194 3739 mel

85 3773 211 3837 sordide
237 3776 387 3840 instructo
412 3777 463 3841 neb
491 3778 614 3842 modice.
656 3779 714 3842 duo
744 3778 825 3842 enim
854 3798 964 3862 genera
992 3778 1194 3861 apparatuum

87 3874 119 3938 in
141 3874 305 3956 prouinciis
327 3895 392 3940 1111
412 3878 519 3941 notum
541 3879 622 3957 erat,
651 3880 705 3942 aut
726 3878 850 3963 exiguos
872 3881 903 3943 et
924 3880 1030 3943 tenues
1053 3897 1118 3943 esee
1139 3880 1194 3942 aut

86 3974 268 4058 insigniores
300 3978 331 4041 et
360 3978 459 4062 magis
492 3979 683 4061 conspicuos:
723 3979 869 4062 utrosque
902 3999 963 4044 non
998 3979 1110 4045 minue·
1128 3998 1192 4045 1111
