2706 4212
59 105 101 171 42

58 274 233 357 tragoediae
260 278 291 342 et
319 280 490 345 comoediae
515 280 558 345 ita
580 281 668 360 suut,
694 282 730 345 ut
750 282 1000 365 repraesentando
1021 285 1052 347 61
1072 300 1161 348 enar·

59 373 152 438 raudo
173 375 261 442 foeda
282 378 313 443 et
333 379 448 449 atrocia
469 379 608 458 doceant,
638 381 674 446 de
696 400 822 464 quare,
853 384 1106 465 quemadmodum
1127 402 1162 449 ea

60 490 135 553 quae
160 475 328 555 sequuntur
349 477 431 561 qood
449 479 485 541 ie
502 479 583 560 [octo
603 481 744 557 reicitur,
772 480 918 545 61166616
938 480 1018 547 dicto
1037 501 1100 547 ooo
1119 489 1163 549 est

58 574 266 660 coaptandum
287 576 402 658 docent,
423 579 552 644 hicnon
573 583 685 664 agitur.

142 702 161 748 a
181 685 281 767 capite
294 685 401 751 XVIII
421 687 460 751 ad
474 688 666 770 palaestritas
680 690 837 755 transitur.
876 692 966 773 atque
986 691 1023 756 de
1037 691 1161 757 athletis

58 785 110 868 agi
134 785 293 867 facticium
321 808 444 870 corpora,
480 788 580 854 altiles
608 790 759 868 homiues,
789 791 938 856 Graeciae
969 792 1064 856 otium
1098 791 1161 873 (28.

59 885 289 970 6(.66.6)66116
310 889 493 973 significant.
536 891 600 973 ipse
623 891 760 955 diabolus
782 891 866 975 quasi
888 892 1091 974 pancratiaste
1107 893 1163 956 ho·

58 988 155 1052 miaes
182 988 298 1071 prunus
327 989 526 1071 6116666124.
550 991 574 1076 a)
596 992 716 1057 dicitur.
759 993 833 1075 quid
855 1011 925 1058 uero
948 993 987 1057 ad
1008 1012 1074 1059 eam
1097 1011 1161 1057 rem

55 1094 172 1172 pestus,
196 1091 248 1173 qui
269 1092 524 1174 pantomimorum
544 1095 576 1158 et
596 1112 702 1158 scenae
724 1094 812 1173 sunt,
834 1094 1006 1176 pertineant
1026 1113 1075 1159 me
1097 1095 1163 1177 qui-

58 1192 127 1257 dem
155 1194 246 1277 fugit.
288 1195 390 1279 itaque
417 1201 534 1261 comtos
563 1196 756 1263 scribendum
776 1213 841 1260 esse
862 1214 983 1273 censeo,
1012 1196 1061 1260 cui
1083 1195 1163 1278 quod

55 1292 213 1359 colubrina
240 1294 288 1359 uis
316 1295 480 1373 tribuitur,
509 1315 575 1381 rem
604 1296 811 1362 daemonicam
838 1313 904 1360 esse
929 1295 1012 1361 dicit.
1050 1295 1162 1373 ‚eodem

56 1393 144 1459 ruodo
175 1398 224 1462 15.
246 1414 313 1459 aar
342 1395 582 1462 Erichthonium
604 1398 812 1462 daemonicum
840 1396 1031 1479 portentum,
1067 1397 1162 1460 immo

57 1493 220 1577 diabolum,
242 1517 302 1564 non
322 1498 480 1564 colubrum
500 1499 594 1564 fuisse
616 1500 728 1563 monet.

138 1604 220 1670 idem
257 1606 338 1689 quod
371 1607 496 1673 librario
525 1609 576 1672 24.
598 1624 623 1667 aa
651 1606 777 1684 accidit,
813 1606 849 1670 ut
875 1605 1081 1672 odroiteudoe
1108 1624 1162 1688 pro

55 1706 240 1774 manauco
260 1709 414 1787 scriberet,
436 1709 550 1775 factum
572 1711 619 1774 est
639 1711 668 1775 6.
691 1718 725 1770 rs.

138 1817 171 1881 in
202 1817 396 1902 explanandis
426 1819 457 1882 et
483 1819 663 1901 exponendis
697 1817 880 1884 Tertulliani
908 1818 995 1882 libris
1022 1817 1073 1880 uix
1103 1815 1162 1880 dici

55 1920 156 2002 potest
177 1938 269 2003 quarn
295 1938 382 2003 saepe
404 1921 584 2003 interpretes
606 1920 685 2003 lapsi
706 1921 785 1998 sint,
807 1920 886 2004 quod
907 1919 1082 2001 scriptorem
1104 1936 1163 1982 non

54 2036 122 2082 raro
153 2037 207 2101 per
241 2019 468 2084 altercationem
500 2018 655 2101 disputare
688 2020 784 2084 solere
816 2019 917 2084 minus
949 2017 1163 2082 meminerunt.

54 2119 86 2182 id
108 2119 188 2200 quod
209 2119 324 2185 factum
346 2121 391 2184 661
407 2122 457 2187 25.
472 2137 485 2180 a
499 2139 562 2204 sqq.
600 2119 795 2185 Suauiludius
805 2118 891 2185 'enim
906 2120 960 2185 ille
975 2117 1163 2184 Tertulliano

54 2239 107 2286 our
122 2219 303 2285 Christianis
318 2220 514 2286 interdictum
529 2220 570 2285 sit
586 2221 713 2299 docenti,
733 2239 771 2284 ue
785 2218 950 2284 immundis
965 2217 1054 2283 rebus
1068 2217 1164 2282 iuter-

54 2321 124 2401 siut,
146 2322 271 2404 opponit
291 2322 385 2388 solem
406 2325 437 2387 et
457 2323 559 2405 ipsum
579 2323 668 2388 deum
690 2322 791 2387 omnia
813 2322 1094 2402 humanaspectare
1110 2338 1165 2384 nec

54 2440 125 2486 uero
146 2422 355 2486 contaminari.
398 2423 500 2501 Recte,
523 2423 738 2501 Tertullianus,
761 2422 806 2488 sol
830 2424 922 2488 etiarn
936 2423 969 2486 in
983 2420 1100 2486 cloacas
1114 2438 1164 2485 ra-

55 2519 120 2585 dios
143 2520 279 2585 demittit
299 2538 395 2603 neque
416 2519 609 2603 inquinatum
641 2521 720 2603 quod
743 2540 813 2585 uero
835 2519 874 2585 ad
897 2520 987 2584 deum
1008 2536 1164 2603 promeae,

54 2620 85 2684 id
114 2639 209 2684 uuum
238 2638 256 2684 a
284 2621 371 2686 nobis
401 2621 569 2686 cauendum
597 2622 660 2699 est,
689 2640 726 2685 nc
754 2620 827 2704 quid
855 2618 927 2683 deus
948 2637 1082 2701 uuquam
1105 2618 1164 2681 im-

53 2721 139 2802 probi
159 2722 213 2785 aut
233 2720 380 2804 flagitiosi
400 2720 518 2800 uideat,
546 2720 648 2801 qualia
669 2739 737 2785 cum
759 2718 912 2801 permulta
934 2717 1006 2781 sunt
1026 2717 1057 2780 iu
1075 2715 1164 2781 rebus

55 2826 206 2904 humanis,
226 2826 292 2889 tum
314 2825 380 2906 ipsa
401 2821 583 2903 spectacula.
617 2820 661 2885 At
682 2820 744 2898 ille,
767 2820 846 2885 nihil
869 2819 1046 2884 deterritus:
1068 2823 1097 2882 et
1115 2818 1166 2882 id·
1240 2884 1243 2889 Α

53 2926 132 2990 circo
166 2926 202 2988 tu
234 2921 388 2987 concludis
424 2920 457 3002 (1.
483 2939 508 2984 6.
532 2918 618 3002 copo)
652 2918 823 3000 spectacula
852 2937 870 2983 a
898 2919 984 2983 uobis
1013 2936 1072 2981 nou
1101 2936 1165 2984 esse

55 3026 227 3111 spectanda,
248 3045 285 3090 ue
308 3025 347 3089 ab
368 3042 402 3088 eo
423 3022 589 3101 uideamur,
616 3041 634 3087 a
655 3041 714 3103 quo
736 3038 884 3104 nusquam
905 3040 966 3085 nou
987 3021 1084 3085 uideri
1105 3039 1165 3085 nou

53 3127 238 3208 possumus?
281 3120 455 3204 Respondet
476 3120 700 3186 Tertullianus:
734 3120 814 3185 male
843 3119 997 3185 hominem
1019 3139 1088 3186 cum
1110 3121 1164 3186 deo

54 3244 223 3310 comparas,
255 3224 308 3307 qui
339 3224 462 3305 propter
493 3221 526 3286 id
552 3223 653 3304 ipsum
680 3223 718 3287 de
746 3225 778 3287 te
804 3221 967 3300 iudicabit,
1001 3223 1080 3305 quod
1101 3224 1165 3287 eius

54 3328 156 3393 oculos
177 3327 307 3410 effugere
325 3343 384 3388 non
399 3322 484 3405 potes
501 3342 555 3388 nec
569 3325 635 3405 ipse
649 3342 786 3406 uuquam
801 3341 869 3389 reus
885 3340 950 3388 esse
964 3324 1074 3404 potest,
1096 3342 1166 3389 cum

29 3416 31 3421 ’
53 3430 104 3506 16,
135 3427 221 3492 66166
248 3427 370 3507 peccata
398 3422 430 3487 61
450 3425 527 3490 uitia
547 3424 585 3490 ab
607 3443 641 3489 eo
663 3415 905 3506 conspiciuntur,
935 3443 1003 3488 reus
1023 3426 1083 3501 sis3
1113 3424 1165 3489 sed

54 3528 103 3592 lae
130 3527 166 3591 ut
193 3527 273 3591 recte
304 3526 340 3591 (16
368 3526 538 3609 spectandis
569 3525 748 3608 spectaculis
778 3526 938 3604 statueris,
975 3545 1049 3590 uum
1072 3527 1164 3591 etiarn

54 3629 138 3691 extra
166 3627 322 3691 theatrum
345 3627 469 3710 propter
490 3627 523 3692 id
546 3627 647 3708 ipsum
667 3644 844 3707 peccamus,
874 3626 956 3708 quod
979 3626 1051 3690 deus
1073 3626 1172 3691 etiam·

56 3748 91 3793 ea
119 3729 251 3811 spectat,
284 3748 362 3812 quae
391 3731 474 3795 extra
504 3728 658 3793 theatrum
680 3728 784 3793 fiunt?
824 3728 910 3792 uides
932 3745 1025 3810 quam
1047 3726 1087 3790 sis
1110 3725 1165 3791 ab·

56 3835 182 3899 surdus:
214 3852 367 3917 nusquam
393 3833 466 3898 licet
495 3832 578 3916 quod
607 3833 722 3914 ubique
745 3831 906 3896 nonlicet.
949 3830 1166 3912 interpretatus

56 3952 125 3998 sum
144 3934 245 3998 Iocum
268 3934 396 4015 exempli
417 3952 515 4012 causa,
538 3933 573 3997 ut
593 3934 760 4016 appareret,
782 3931 863 3996 male
878 3931 958 4013 apud
973 3929 1165 4013 Gangueium

48 4034 148 4125 plone
163 4036 194 4098 et
206 4033 358 4101 1661161666
379 4034 464 4121 (uam
478 4034 514 4103 de
528 4034 661 4121 singulis
675 4031 848 4100 hominibus
862 4029 1032 4098 iudicandis
1047 4030 1165 4118 agitur)
