2706 4212
82 78 122 143 26

7 240 8 283 ³
80 245 235 309 theatrum
263 246 302 310 ad
330 247 399 311 illas
430 266 516 312 uoces
537 247 845 330 gesticulationesque
867 246 1002 324 deducat,
1025 246 1056 310 et
1077 246 1131 327 qui
1152 245 1184 308 in

7 356 8 373 1
80 345 190 427 plateis
212 344 299 408 litem
320 365 412 409 manu
434 347 574 429 agentem
596 348 648 410 aut
670 346 832 428 compescit
846 349 900 410 aut
914 347 1088 422 detestatur,
1104 345 1184 408 idem

80 447 113 509 iu
133 445 230 509 stadio
252 447 443 528 grauioribus
464 448 575 530 pugnis
593 447 772 530 suffragium
787 446 873 524 ferat,
893 448 923 511 et
938 447 992 528 qui
1007 446 1044 509 ad
1053 446 1185 516 ,cadauer

80 546 211 611 hominis
233 551 384 614 communi
406 552 473 633 lege
496 551 629 617 defuncti
650 552 797 628 exhorret,
819 550 899 614 idem
913 548 1184 630 inamphitheatro

82 647 187 713 derosa
205 651 238 714 et
261 650 406 735 dissipata
420 652 496 715 etin
511 671 564 716 suo
581 654 728 734 sanguine
743 651 914 735 squalentia
929 667 1052 731 corpora
1064 650 1205 731 patior-s

81 748 208 813 tissimis
229 751 323 815 ocrrlis
345 752 470 835 desuper
491 753 663 830 incumbet,
685 755 779 816 immo
802 753 855 834 qui
877 753 997 834 propter
1017 750 1185 815 homicidae

81 870 207 931 poenam
227 853 413 933 probandam
427 855 465 918 ad
479 855 685 937 spectaculum
698 873 758 918 non
774 855 868 932 uenit,
888 854 970 916 idem
983 852 1185 936 gladiatorem

82 950 120 1017 ad
142 954 339 1020 homicidium
361 957 490 1040 flagellis
513 960 543 1021 et
564 958 661 1040 uirgis
676 957 839 1039 compellat
853 957 995 1034 inuitum,
1009 958 1048 1039 et
1070 956 1121 1037 qui
1137 954 1185 1015 in-

7 1064 8 1091 *
82 1055 213 1138 digniori
235 1048 343 1139 cuique
366 1059 533 1124 homicidae
555 1059 673 1123 leonem
687 1059 794 1140 poscit,
816 1058 897 1122 idem
913 1057 1076 1141 gladiatori
1090 1058 1185 1122 atroci

7 1174 8 1239 3
81 1158 199 1249 expetat
221 1158 327 1240 rudem
349 1161 379 1223 et
402 1160 529 1241 pilleum
550 1161 719 1242 praemium
739 1158 888 1238 conferat,
916 1151 1241 1224 *00011100001010

82 1258 364 1323 00010010001100
386 1262 446 1325 oris
470 1262 638 1342 spectaculo
660 1262 787 1342 repetat,
808 1260 953 1325 libentius
971 1277 1185 1342 recognoscens

83 1357 118 1420 de
140 1359 275 1440 proximo
303 1380 393 1442 quem
416 1363 514 1425 uoluit
536 1362 670 1426 occidere
693 1363 729 1426 de
749 1361 936 1444 longinquo,
965 1360 1050 1424 tanto
1073 1359 1185 1437 durior,

33 1461 73 1524 22
82 1461 108 1522 si
130 1479 188 1524 non
215 1460 322 1525 uoluit.
367 1462 442 1542 quid
471 1463 608 1526 mirum?
644 1463 808 1544 inaequata
836 1463 898 1526 ista
924 1462 1082 1526 hominum
1111 1460 1186 1524 mis-

82 1560 215 1623 centium
243 1563 274 1659 et
301 1563 554 1626 commutantium
586 1564 701 1627 statum
734 1563 805 1627 honi
834 1564 864 1626 01
892 1563 967 1626 mali
999 1582 1052 1644 per
1083 1562 1187 1626 incon·
1254 1636 1256 1641 ,
1345 1594 1346 1673 p

82 1662 227 1725 stantiam
249 1678 353 1728 sensus
375 1665 406 1728 01
427 1665 530 1730 iudicii
552 1666 742 1733 uarietatem.
785 1665 897 1747 etenim
919 1665 979 1746 ipsi
999 1664 1135 1728 auctores
1157 1663 1223 1730 etis

82 1763 343 1828 administratores
375 1765 614 1845 spectaculorum
634 1765 858 1847 ¹quadrigarios
893 1765 1023 1829 scenicos
1056 1763 1187 1845 xysticos

83 1865 234 1929 arenarios
270 1865 340 1930 illos
378 1865 621 1944 amantissimos,
658 1866 769 1947 quibus
803 1866 862 1929 uiri
894 1865 1026 1943 animas,
1058 1864 1188 1929 feminae
1319 1939 1322 1949 ¹

82 1965 102 2047 i
125 1967 178 2029 aut
205 1965 253 2030 illi
276 1967 367 2036 etiam
389 1985 513 2048 corpora
535 1986 589 2031 sua
610 1966 824 2043 substernunt,
853 1967 974 2048 propter
1001 1984 1076 2047 quos
1098 1965 1131 2028 in
1154 1983 1189 2029 ea

83 2067 280 2132 committunt
301 2087 378 2149 quae
400 2068 638 2150 reprehendunt,
668 2088 702 2133 01
724 2068 828 2146 eadem
849 2069 950 2149 parte,
979 2086 1040 2149 qua
1067 2066 1188 2149 magui·
1221 2122 1225 2129 .

83 2167 214 2245 faciunt,
248 2168 400 2251 deponunt
430 2170 460 2232 et
493 2169 687 2248 deminuunt,
721 2170 814 2233 immo
847 2168 1008 2233 manifeste
1043 2167 1223 2235 damnantro

83 2269 254 2350 ignominia
275 2271 307 2333 et
325 2271 433 2352 capitis
455 2271 639 2348 minutione,
668 2271 804 2334 arcentes
834 2270 917 2335 curia
945 2269 1052 2334 rostris
1082 2270 1188 2332 senatu

84 2369 185 2450 equite
207 2372 374 2452 ceterisque
396 2371 559 2435 honoribus
581 2372 721 2436 omnibus
744 2371 837 2435 simul
859 2372 889 2434 et
911 2370 1095 2434 ornamentis
1117 2369 1188 2450 qui-

83 2470 220 2534 busdam,
258 2473 372 2552 quanta
394 2471 591 2553 peruersitas!
629 2473 732 2535 amant
752 2490 827 2553 quos
850 2471 993 2547 multant,
1017 2470 1188 2551 depretiant

83 2590 159 2652 quos
191 2572 335 2653 probant,
371 2574 468 2637 artem
500 2572 714 2654 magnificant,
747 2571 894 2637 artificem
927 2572 1046 2635 notant.
1098 2571 1188 2653 quale

81 2673 228 2739 iudicium
250 2675 312 2751 est,
334 2675 376 2737 ut.
389 2674 426 2738 ob
450 2692 485 2737 ea
505 2673 575 2755 quis
599 2673 775 2750 offuscetur,
803 2691 855 2754 per
877 2691 954 2754 quae
976 2674 1223 2754 promereturins

153 2975 403 3045 iampitheatroA
473 2974 616 3029 6incubat
633 2975 660 3027 A
730 2977 816 3028 7non
829 2973 929 3027 addidi
998 2973 1073 3027 uenit
1091 2975 1192 3042 scripsi

83 3063 174 3116 ueniat
192 3064 253 3117 AB
341 3063 516 3133 Scompellit
532 3062 558 3115 A
650 3061 836 3130 9indigniori
855 3061 957 3130 scripsi
973 3060 1112 3128 insigniori
1129 3060 1190 3112 AB

117 3151 199 3220 idem]
212 3151 240 3205 id
252 3156 292 3205 est
303 3151 330 3206 A
396 3153 428 3206 10
439 3155 544 3220 expetat
556 3151 656 3220 scripsi
666 3152 836 3220 speratAmp
849 3152 924 3218 petat
933 3149 961 3202 B
1031 3146 1155 3203 comierat
1163 3148 1190 3199 A

86 3235 116 3287 11
130 3237 209 3289 etiam
223 3237 273 3291 oris
282 3235 414 3290 Latinius
422 3236 478 3305 Rip
492 3236 573 3289 etiam
585 3236 679 3289 amoris
687 3234 748 3287 AB
808 3234 839 3288 12
851 3234 938 3287 uoluit
954 3233 1005 3286 Urs
1067 3232 1097 3284 13
1110 3233 1133 3286 si
1144 3249 1190 3286 no·

84 3321 136 3375 luit
153 3322 180 3374 B
197 3323 220 3375 si
237 3323 324 3376 uoluit
348 3322 399 3375 Urs
477 3321 508 3374 de
524 3323 666 3390 inaequata
685 3322 755 3375 Pura
832 3321 997 3374 miscentium
1014 3319 1041 3372 A
1118 3319 1190 3373 14&

86 3410 117 3461 15
143 3408 241 3486 malum
265 3425 311 3477 per
329 3410 454 3462 innotans
470 3425 560 3462 sensus
578 3409 606 3479 A
712 3408 743 3461 15
767 3408 897 3461 uarietate
915 3407 985 3460 Porri
1089 3406 1146 3475 ipso
1163 3408 1190 3459 A

120 3498 218 3549 actores
237 3495 287 3548 Β1
353 3495 384 3548 16
402 3496 530 3549 scaenicos
547 3496 574 3547 A
657 3494 895 3548 17000011001000
914 3494 1030 3562 lipsius
1048 3492 1086 3546 od
1106 3493 1190 3546 Tacit.

84 3583 159 3637 Aura
183 3583 209 3636 Ι.
232 3587 266 3635 77
369 3583 421 3636 uiri
448 3583 548 3636 animas
575 3581 686 3636 feminae
710 3580 762 3634 Urs
792 3580 856 3634 uiris
887 3581 986 3634 animas
1009 3579 1114 3632 feminis
1132 3579 1191 3631 AB

84 3671 155 3724 uiles
169 3669 268 3725 animas
285 3668 405 3723 foeminis
423 3686 466 3738 rap
490 3670 555 3723 uiles
573 3670 672 3723 animas
689 3667 817 3722 foeminae
835 3667 885 3721 Gal
963 3666 994 3720 18
1012 3669 1059 3718 aut
1076 3665 1118 3719 illi
1132 3665 1192 3718 AB

85 3761 172 3811 autem
190 3757 245 3809 illis
263 3756 379 3825 lipsius
451 3756 558 3810 181119
577 3758 683 3823 propter
696 3787 728 3794 —
741 3755 910 3809 committunt
927 3753 1004 3807 cocA
1076 3753 1106 3805 19
1125 3769 1191 3819 quae

86 3843 134 3898 Get
151 3843 213 3910 quia
230 3842 290 3895 AB
387 3845 443 3895 arte
467 3842 519 3895 Urs
616 3858 695 3909 quam
713 3842 739 3894 B
835 3843 867 3894 20
887 3843 914 3893 01
931 3841 1087 3894 deminuunt
1105 3855 1147 3892 ooo
1164 3840 1191 3891 A

86 3931 120 3982 22
138 3929 176 3997 01]
196 3945 226 3982 00
241 3928 311 3982 Porri
330 3929 491 3998 atqueLccp
563 3929 636 3983 2211
654 3929 687 3983 23
707 3928 885 3982 ornamentis.
899 3928 994 3995 quihus
1013 3925 1191 3994 quantaPuur

46 4006 51 4017 '
87 4015 120 4071 23
138 4015 303 4084 depraeliari
319 4016 347 4068 A
429 4017 462 4069 24
479 4019 563 4071 artem
579 4015 750 4085 magnificant
767 4031 809 4069 orn
826 4016 854 4070 A
