2706 4212
190 876 588 967 ADNOTATIONES
617 878 860 965 celricus
888 878 1076 967 NOUAE.

560 1097 712 1106 ⁸1-—

140 1274 142 1278 ’
164 1270 246 1334 Ante
273 1271 328 1335 hos
357 1269 433 1334 duos
455 1289 591 1350 menses,
615 1290 686 1336 curn
707 1290 776 1354 opes
798 1271 1089 1337 reiffersoheidianae
1111 1289 1188 1335 non·

82 1366 155 1430 dum
177 1366 215 1431 ad
236 1386 285 1431 me
313 1366 447 1449 perlatae
476 1368 593 1445 essent,
624 1368 835 1434 adnotationes
864 1388 880 1433 c
908 1370 985 1434 troas
1005 1369 1045 1433 ad
1072 1369 1189 1433 librum

83 1467 120 1532 de
153 1468 331 1551 spectaculis
365 1468 490 1550 scripsi,
524 1469 634 1551 quibus
664 1469 802 1535 Gustauo
832 1471 993 1548 Richtero,
1027 1470 1079 1552 qui
1107 1487 1189 1532 nunc

80 1569 237 1651 gymnasio
259 1569 376 1635 ienensi
402 1571 471 1634 tum
492 1570 579 1635 bonis
604 1572 718 1636 litteris
748 1571 913 1636 dedicando
941 1570 1188 1653 praecatione

80 1670 249 1735 laetissima
270 1672 450 1753 gratularer.
495 1672 630 1737 abstinui
651 1675 719 1737 tum
747 1673 786 1738 ab
808 1673 846 1738 iis
866 1673 940 1738 locis
961 1672 1133 1750 tentandis,
1155 1673 1188 1735 in

80 1771 189 1852 quibus
219 1771 293 1852 quid
319 1772 351 1835 in
381 1773 481 1838 codice
508 1773 695 1858 agobardino
720 1775 800 1838 esset
827 1793 886 1838 non
915 1774 990 1838 satis
1017 1771 1186 1838 constabat.

78 1873 114 1935 ut
134 1891 214 1938 nuno
235 1872 273 1936 ad
294 1873 377 1938 locos
397 1875 471 1938 tunc
498 1875 635 1939 consulto
661 1875 888 1956 praetermissos
910 1874 1082 1939 accederem
1104 1873 1187 1937 eius·

79 1972 148 2037 (lem
168 1973 409 2038 Reifferscheidii
431 1973 654 2039 humanissima
675 1974 749 2039 fecit
766 1974 945 2043 liberalitas.
1025 2018 1027 2022 »

161 2092 230 2156 pag.
253 2078 308 2140 5.r
330 2094 384 2139 eur
406 2076 460 2160 qui
481 2080 579 2141 statos
600 2075 730 2140 scribere
747 2075 909 2140 maluerim
932 2075 1054 2157 exposui
1077 2077 1109 2139 in
1130 2073 1186 2139 ad-

78 2173 284 2239 notationibus
309 2173 424 2240 11111111
446 2192 515 2257 pag.
538 2175 568 2238 4.
1029 2170 1033 2178 ’

160 2272 229 2356 pag.
251 2278 280 2341 5.
297 2295 321 2336 ro
342 2279 523 2340 consuerunt
535 2274 668 2356 praetuli
682 2272 811 2355 pleniori
826 2275 941 2339 formae
956 2278 1184 2338 consueuerant.

77 2376 159 2459 quod
187 2395 241 2441 cur
268 2376 391 2441 fecerim
419 2396 454 2441 en
483 2376 527 2440 eis
557 2373 717 2456 apparebit
745 2393 823 2457 quae
853 2374 889 2439 de
918 2373 1045 2440 Gelenio
1074 2374 1185 2457 pag.2

77 2473 148 2539 dixi.
190 2473 433 2558 in-agobardino
461 2474 560 2551 enim,
589 2477 625 2536 ut
653 2490 796 2536 mensura
823 2472 882 2537 loci
910 2472 999 2537 uacui
1027 2473 1130 2549 docet,
1152 2470 1186 2535 id

75 2577 175 2658 ipsum
197 2577 378 2642 uocabulum
406 2576 553 2640 omissum
579 2575 640 2652 est,
669 2574 730 2638 nisi
749 2572 971 2656 nrpumentuct‘
998 2573 1074 2639 olim
1096 2573 1129 2636 in
1150 2589 1185 2635 eo

77 2678 170 2744 luisse
192 2680 325 2744 statuere
346 2679 447 2744 malis.
491 2679 529 2742 cf.
554 2677 671 2742 adnott.
694 2676 775 2741 critt.
796 2694 865 2759 pag.
887 2675 1104 2740 4111111111
1127 2674 1183 2737 or

75 2779 195 2844 easdem
216 2799 285 2873 pag.
308 2783 337 2846 5.
452 2838 460 2854 ,

159 2880 239 2945 male
275 2878 420 2945 Gelenius
457 2898 525 2962 pag.
558 2880 616 2942 bo
653 2881 769 2944 circula
804 2897 858 2961 pro
897 2896 975 2959 equo
1013 2875 1182 2939 substituit.

74 2981 211 3063 exempla
232 2981 313 3045 enim
335 3000 353 3044 a
374 2981 563 3045 Tertulliano
584 2981 680 3045 allata
700 2981 856 3044 uariorum
877 2978 1078 3043 certaminum
1099 2977 1183 3041 loco-

73 3101 142 3146 rum
164 3082 251 3162 sunt,
274 3101 367 3165 equus
388 3082 476 3161 circi,
495 3083 543 3147 leo
565 3083 802 3165 amphitheatri,
824 3081 905 3146 uires
927 3079 1058 3161 cumeris
1080 3077 1181 3155 stadii,
1277 3130 1282 3137 .

74 3183 156 3247 uocis
178 3183 345 3247 suauitates
366 3201 481 3248 scenae.
519 3183 636 3249 accedit
658 3183 739 3265 quod
760 3183 869 3248 lacuna
890 3180 1002 3245 codicis
1021 3180 1050 3243 A
1068 3178 1181 3261 optime

73 3282 225 3364 expletur:
254 3304 386 3368 aequum
412 3285 511 3364 enim,
533 3303 593 3349 non
621 3303 748 3369 equum,
777 3282 920 3349 librarius
946 3279 1075 3345 scribere
1104 3280 1183 3344 solet

73 3379 125 3463 (cf.
147 3402 238 3467 pagg.
262 3385 368 3461 1111,
391 3385 438 3449 15.
454 3404 484 3463 1,
508 3388 557 3451 15.
573 3385 628 3470 12),

75 3480 77 3485 ’
155 3485 268 3548 mirum
289 3485 322 3549 in
343 3486 468 3551 modum
489 3487 618 3552 editores
640 3486 707 3551 loco
728 3485 784 3567 qui
808 3484 856 3548 est
877 3484 934 3547 (1.1
956 3481 1181 3546 consuluerunt

72 3600 232 3648 namnum
253 3586 343 3666 paulo
365 3587 436 3651 ante
458 3606 527 3652 cum
553 3587 668 3669 optimo
697 3586 776 3651 libro
805 3584 885 3650 recte
913 3581 1106 3664 scripsissent
1126 3580 1181 3645 deo

70 3685 245 3764 inimicum,
265 3686 325 3752 iam
356 3689 406 3753 det
426 3690 584 3754 inimicum
614 3689 692 3767 ferre
721 3688 947 3765 sustinuerunt,
970 3686 1079 3767 quippe
1101 3684 1180 3767 quod

71 3788 102 3851 11
129 3787 229 3870 ipsum
257 3789 289 3851 in
311 3790 339 3852 Α
364 3790 460 3868 11111,
491 3790 731 3873 dittographias,
763 3806 839 3871 quas
867 3787 989 3863 dicunt,
1011 3787 1043 3850 in
1073 3784 1180 3849 eodem

70 3888 172 3954 codice
188 3907 262 3952 -non
290 3908 399 3972 paucas
421 3909 485 3956 esse
505 3889 603 3954 obliti.
645 3890 708 3953 iam
738 3907 809 3953 uero
838 3887 891 3952 ubi
920 3886 1053 3968 primum
1082 3886 1179 3950 altero

69 3989 134 4054 loeo
156 3991 185 4054 ei
204 4009 259 4072 pro
280 3991 331 4055 dei
357 3991 551 4057 scribendum
580 4008 645 4057 esse
672 3989 755 4068 uidi,
778 4006 890 4054 uacuus
912 3988 965 4071 qui
986 3989 1019 4052 in
1039 3985 1068 4051 A
1089 3986 1180 4069 paulo

60 4158 78 4200 λ
186 4176 190 4179 ,
