2706 4212
1223 55 1264 121 35

159 218 231 284 ante
258 219 305 284 est
332 219 416 286 locus
444 220 480 284 ut
507 240 605 306 aeque
634 220 799 287 caussas
825 221 891 286 eius
918 220 1130 287 emendaretur
1160 222 1265 288 suasit.

160 320 197 385 de
220 319 386 402 deputandi
414 320 508 387 uerbo
537 323 658 388 consule
678 323 882 389 Rosnschium
904 322 971 411 (das
1000 342 1075 389 noue
1101 324 1268 388 testamcut

160 420 346 485 Tertulliano
367 440 436 505 pag.
460 422 546 507 584).

243 520 279 586 de
300 522 330 585 6.
346 539 371 583 rc
392 522 423 586 et
445 523 504 586 7.s
526 523 682 605 disputaui
701 524 734 588 iu
756 525 874 590 adnott.
897 524 980 590 critt.
1002 542 1071 607 pag.
1094 525 1123 589 6.
1220 587 1223 591 ,
1252 530 1257 539 ’

244 623 315 687 7.1s
334 627 419 687 octor
440 624 547 706 scripsi
566 643 637 689 cum
658 646 693 688 a:
716 626 820 689 auctor
834 626 916 690 enim
930 625 1067 689 omnium
1081 624 1268 707 flagitiorum

161 741 196 786 ex
217 723 368 787 sententia
389 722 571 787 Tertulliani
594 723 731 789 diabolus
752 727 808 803 est,
831 726 914 791 actor
934 723 1034 789 homo.

223 825 298 888 ‘8.r
320 822 385 887 sinc
411 822 503 888 dubio
531 825 689 907 corruptus
711 827 766 890 est.
811 824 892 906 quod
921 825 1003 889 enim
1032 825 1126 908 uulgo
1153 825 1268 908 legitur

121 999 124 1007 ¹
160 929 287 1003 tactam,
310 925 363 988 uni
385 923 543 1008 (langneio
565 925 667 990 deberi
689 925 819 990 uidetur.
862 926 916 989 aut
935 944 1053 989 omoeoo
1075 926 1267 991 subst‘tuen-

162 1025 234 1090 dnm
256 1024 309 1090 aut
330 1024 450 1108 aliquid
472 1025 574 1090 deesse
596 1024 780 1090 censendum
801 1024 869 1090 erit.

244 1127 315 1191 8.1a
342 1143 396 1189 cur
423 1126 528 1191 contra
556 1126 704 1191 Ursinum
736 1145 805 1192 cum
836 1127 865 1190 A
894 1126 1017 1192 fecerim
1048 1128 1208 1210 explanaui
1235 1130 1269 1193 in

160 1227 276 1293 adnott.
299 1226 380 1292 critt.
403 1247 493 1312 pagg.
518 1228 538 1290 6
557 1228 589 1291 et
611 1227 639 1291 7.

244 1330 273 1393 9.
288 1346 313 1388 12
333 1328 366 1393 in
389 1328 416 1391 A
438 1328 555 1412 aliquid
576 1327 719 1393 excidisse
734 1326 801 1408 ipsa
815 1326 909 1391 uerba
922 1327 1029 1392 relicta
1045 1327 1161 1393 docent.
1196 1347 1266 1393 nam

163 1449 232 1495 cum
253 1435 282 1493 et
303 1430 381 1494 illud
402 1430 436 1494 in
449 1428 573 1494 uocibus
593 1448 668 1493 ocra
688 1425 776 1510 epod
794 1426 970 1511 spectaculo
993 1432 1022 1491 et
1039 1428 1075 1492 o'c
1094 1429 1149 1492 occ
1168 1433 1269 1493 datar

160 1529 341 1595 correlatiuo
371 1549 424 1594 suo
453 1529 552 1608 carot,
582 1529 617 1591 ut
638 1529 719 1591 recto
741 1526 852 1592 indicio
874 1526 1050 1611 Gengncius
1071 1531 1104 1592 o'o
1125 1528 1269 1594 catedra

161 1629 356 1712 suppleuere,
378 1633 446 1695 tum
466 1630 499 1694 in
520 1630 558 1695 iis
581 1646 659 1711 qrrac
674 1628 840 1709 sequnntur
854 1647 914 1693 non
929 1629 1049 1692 uiarum
1063 1630 1194 1707 tantum,
1217 1630 1268 1695 sed

161 1730 255 1794 etiam
283 1730 442 1797 cathedrae
471 1747 584 1794 nomen
613 1728 646 1792 in
673 1727 803 1792 theatris
831 1729 981 1793 usitatum
1014 1730 1109 1796 fuisse
1137 1731 1267 1805 additur

160 1831 225 1896 iam
246 1851 317 1897 uero
338 1834 418 1896 mira
437 1832 502 1909 illa,
524 1831 561 1895 de
583 1849 644 1912 qua
664 1848 732 1913 pag.
757 1833 773 1895 1
798 1829 875 1908 dixi,
897 1829 1017 1896 librarii
1038 1832 1070 1896 iu
1092 1831 1268 1895 omittendis

161 1933 262 1998 uerbis
283 1933 403 2012 uicinis,
426 1948 504 2014 quae
526 1932 564 1996 ab
586 1929 695 1995 iisdem
716 1929 829 1994 litteris
850 1930 1000 2013 incipiunt
1020 1932 1074 1996 aut
1094 1932 1127 1997 in
1150 1932 1268 1996 easdem

162 2035 287 2113 exeunt,
309 2033 499 2118 negligentia
519 2032 592 2097 fecit
613 2032 649 2095 ut
669 2036 697 2095 et
716 2032 751 2095 o'o
772 2030 917 2096 cathedra
936 2031 1060 2096 sedator
1087 2032 1266 2114 supplerem.

162 2154 238 2217 quae
263 2133 441 2218 Gangneius
463 2133 574 2198 maluit
599 2133 702 2214 inepta
728 2133 816 2196 sunt:
846 2150 907 2196 non
935 2132 1034 2197 statur
1063 2133 1095 2196 in
1117 2132 1268 2197 cathedra.

245 2245 298 2311 diu
314 2244 452 2310 dubitaui
466 2243 503 2308 de
518 2242 619 2307 uerbis
633 2243 736 2322 doque
751 2261 767 2302 c
781 2242 935 2304 contrario
955 2275 995 2285 —
1012 2275 1050 2284 —
1072 2241 1270 2320 interpretari

162 2349 246 2432 cupit
265 2346 286 2429 ‚(
294 2350 323 2412 9.
339 2344 458 2430 rs-ro).
480 2378 485 2393 ·
510 2362 582 2408 nam
613 2342 641 2406 si
669 2339 744 2423 quid
772 2339 839 2404 sani
867 2341 914 2404 est
941 2340 972 2404 in
1000 2340 1056 2419 iis,
1085 2360 1163 2423 qnae
1191 2341 1269 2424 apud

163 2448 357 2532 Gangnsium
378 2446 532 2530 leguntur,
553 2442 715 2509 librarium
732 2440 843 2505 codicis
861 2439 891 2503 A
908 2439 965 2504 hoc
984 2460 1104 2523 quoque
1122 2441 1187 2507 loco
1211 2442 1270 2506 duo

163 2550 311 2616 uocabula
338 2549 419 2613 male
448 2547 586 2612 omisisse
616 2541 813 2608 statuendum
834 2541 910 2619 crit,
933 2542 968 2604 ut
990 2542 1075 2607 locus
1097 2542 1142 2606 ita
1165 2541 1269 2605 discri-

162 2651 279 2716 bendus
303 2667 369 2716 esse
390 2648 546 2713 uideatur:
568 2646 671 2725 a'thac
686 2663 702 2707 e
716 2642 870 2707 ooodrmto
890 2640 1018 2722 „tofella
1042 2643 1096 2727 qoo'
1116 2644 1151 2706 io
1173 2642 1270 2726 quod·

162 2772 281 2837 cacque
301 2750 461 2817 concillum
479 2746 646 2831 impioram
666 2743 778 2809 cotem
797 2748 826 2807 et
841 2746 877 2806 a'o
896 2763 1076 2827 quocunque
1092 2747 1148 2807 aio
1161 2763 1269 2827 peccc-

162 2859 263 2919 torum
288 2854 404 2921 elatat
424 2859 451 2917 et
471 2855 507 2916 ta
533 2868 713 2932 paucosque
739 2846 885 2912 acuam
907 2847 1043 2930 pestium
1069 2845 1269 2927 3111111119(-

162 2955 308 3021 oorulo'tar
327 2955 442 3021 dictam
462 2952 677 3035 intelligamus.
721 2968 789 3014 cura
813 2947 890 3033 qoc'd
909 2945 1014 3023 aliter,
1036 2946 1128 3009 eto'cm
1151 2949 1269 3026 specto-

163 3056 233 3120 h‘ter
253 3055 452 3136 interpretari
471 3052 563 3133 capot

248 3157 284 3221 dc
306 3158 337 3221 9.
351 3174 377 3217 rs
399 3155 430 3220 et
452 3150 778 3218 raucosraucos.
800 3149 881 3214 critt.
904 3166 976 3231 pag.
998 3147 1026 3210 7.

248 3265 321 3331 Otto
343 3264 467 3329 Iahnius
488 3260 535 3344 (in
556 3259 799 3325 Reifferscheidii
813 3259 956 3324 Suetonio
977 3276 1046 3339 pag.
1068 3255 1143 3340 XII)
1166 3273 1271 3320 uereor

164 3367 200 3431 ut
213 3368 295 3431 recte
311 3367 359 3430 lo.
375 3384 400 3425 rs
415 3362 610 3448 paccadosso
624 3360 760 3426 eiecerit:
775 3358 984 3424 Tertullianus
998 3357 1079 3421 enim
1094 3375 1153 3422 non
1168 3357 1270 3421 omnia

163 3466 338 3551 spectacula
358 3482 500 3531 eorumne
521 3458 628 3527 titulos
650 3460 793 3526 recenset.

249 3580 298 3643 1o.
314 3593 340 3638 rs
359 3574 492 3657 origines
513 3571 754 3654 spectaculorum
775 3567 947 3633 secretiores
973 3565 1116 3630 dicuntur
1137 3565 1169 3629 et
1189 3564 1271 3629 chri-

164 3681 282 3745 stianae
301 3676 373 3742 fidei
386 3673 561 3740 hominibus
575 3673 638 3737 fere
652 3671 793 3754 ignotae3
814 3668 919 3752 itaque
940 3666 979 3731 ad
1001 3665 1138 3730 ethnicas
1152 3663 1270 3728 litteras

164 3779 378 3847 recurrendum
406 3795 486 3855 esse,
514 3774 552 3838 ut
579 3791 658 3858 quae
685 3771 800 3836 fuerint
832 3769 983 3853 appareat.
1026 3767 1098 3832 utut
1124 3766 1206 3830 enim
1234 3766 1271 3830 de

163 3882 306 3963 corrupta
326 3879 390 3944 cod
412 3879 441 3942 A
461 3876 592 3943 lectione
613 3872 774 3951 statueris,
792 3872 924 3944 secretae
945 3869 1078 3954 origines
1100 3887 1152 3933 eae
1173 3868 1271 3945 erunt,

164 4003 240 4068 quac
270 3982 444 4049 christianis
468 3979 594 4063 quddam
621 3997 683 4043 non
710 3973 844 4060 pateant.
892 3973 999 4055 itaque
1027 3990 1087 4110 ripn
1117 3969 1210 4034 altius
1239 3969 1271 4032 in

1032 4080 1045 4117 8
