2706 4212
102 104 195 171 4⁵

101 261 263 345 pristinam
283 261 494 344 integritatem
515 260 736 335 rest‘tuendum
757 259 854 339 nihil,
875 277 1032 342 perpauco,
1052 260 1209 343 praecipue

100 363 134 427 16
155 363 256 428 uerbis
277 363 387 428 melius
409 362 636 445 dispungenda
657 360 826 444 Leopoldus
847 361 987 426 contulit.
1030 361 1066 432 16
1082 357 1227 426 0611666

21 509 23 513 ψ
101 464 162 528 6116
185 463 251 529 1666
274 464 351 547 6611
371 463 574 528 existimarem
596 461 757 545 exposui.¹)

21 630 22 637 ,
186 566 294 630 Restat
315 567 350 629 ut
364 564 401 629 de
416 565 472 628 bac
485 583 554 629 mea
566 563 667 639 libelli
683 563 719 627 de
734 564 913 646 spectaculis
929 563 1101 648 recensione
1116 581 1209 646 quam

21 662 22 665 ’
103 667 206 749 potero
232 664 424 750 paucissimis
453 664 618 730 absoluam.
669 667 761 747 atque
790 665 827 729 de
855 664 893 729 iis
922 683 1001 747 6666
1028 666 1094 748 ipse
1123 684 1209 747 prac-

21 766 23 805 1
103 768 236 833 stiterim
271 767 407 849 praestat
440 768 555 833 tacere:
590 767 648 832 feci
684 767 720 830 ut
754 766 849 848 potui.
902 767 1017 849 optima
1045 767 1126 830 certe
1155 767 1209 830 dos

101 869 233 934 libelluli
254 869 397 952 Augusto
418 868 664 934 Reifferscheidio
695 867 837 946 debetur,
862 885 973 932 nouam
995 867 1059 932 dico
1081 885 1209 949 eamque

21 992 22 995 ¹
102 970 327 1035 exactissimam
353 968 465 1035 codicis
486 969 677 1053 Agobardini
701 969 904 1047 collationem,
925 988 1019 1050 quam
1039 969 1088 1033 uir
1108 969 1141 1032 in
1161 968 1209 1033 his

101 1071 215 1137 litteris
237 1072 505 1137 exercitatissimus
526 1073 557 1136 et
572 1070 809 1154 spectatissimus
824 1070 950 1134 Parisiis
964 1071 1089 1135 exeunte
1107 1088 1210 1134 meuse

103 1171 275 1256 Septembri
303 1173 471 1238 liberaliter
498 1173 530 1237 61
557 1172 688 1255 benigne
716 1172 794 1235 mihi
821 1171 917 1236 misit.
961 1186 1026 1253 'quo
1049 1171 1143 1235 totius
1165 1171 1210 1235 rei

102 1273 237 1356 agendae
258 1274 455 1339 fundamento
478 1273 647 1339 certissimo
669 1273 696 1337 si
717 1272 890 1351 caruissem,
912 1272 1027 1337 librum
1041 1272 1209 1336 innumeris

101 1376 219 1440 mendis
248 1375 533 1457 inquinatissimam
562 1392 716 1439 recensere
745 1366 895 1438 animum
911 1374 1044 1456 profecto
1073 1393 1132 1438 non
1160 1374 1209 1436 in-

103 1476 263 1542 duxissem.
316 1478 351 1540 ut
385 1477 467 1541 enim
495 1484 543 1540 res
573 1476 635 1554 661,
665 1475 938 1554 restituendorum,
968 1477 1118 1558 quantum
1145 1475 1209 1539 fieri

101 1578 207 1660 possit,
228 1577 324 1660 ipsius
346 1577 526 1642 Tertulliani
548 1577 708 1641 uerborum
727 1577 817 1641 unica
838 1595 906 1659 spes
919 1577 953 1641 16
968 1595 1002 1641 66
1016 1576 1096 1641 libro
1111 1576 1211 1658 posita

102 1679 231 1743 uidetur.
275 1678 366 1743 codex
387 1679 490 1743 autem
512 1679 575 1742 tam
597 1678 707 1742 misere
727 1678 828 1743 laesus
849 1679 881 1741 et
902 1677 1055 1760 margines
1075 1676 1211 1742 laterarii

101 1797 245 1863 magnam
266 1781 384 1861 partem
406 1780 451 1843 116
472 1779 579 1843 6161611
601 1780 685 1861 sunt,¹
704 1780 739 1843 ut
752 1779 841 1843 modo
857 1778 889 1842 iu
905 1778 985 1843 161116
1000 1778 1096 1842 uersis
1111 1778 1210 1860 prima

103 1899 242 1963 quaeque
271 1899 414 1945 uersuum
442 1879 536 1945 uerba
563 1880 652 1944 modo
681 1880 714 1943 16
744 1879 826 1944 foliis
855 1879 945 1945 rectis
967 1881 1099 1944 extrema
1120 1880 1210 1962 plane

103 1981 319 2046 desiderentur.
368 2001 446 2065 quae
475 1982 541 2046 1666
570 1982 646 2064 6661
667 1982 728 2046 fere
749 1980 862 2045 litteris
884 1981 1060 2063 expleantur
1081 1981 1209 2045 Reiffer-

102 2082 253 2148 scheidius
267 2085 389 2167 punctis
404 2103 457 2167 pro
472 2084 594 2148 modulo
609 2084 734 2149 lacunae
749 2082 860 2165 positis
868 2082 1105 2165 significauerat.
1132 2100 1209 2165 quae

101 2183 133 2247 in
165 2184 265 2249 codice
294 2186 430 2251 correcta
457 2186 546 2263 sunt,
569 2204 587 2249 a
608 2185 708 2267 prima
729 2203 822 2248 manu
844 2185 976 2249 correcta
998 2184 1070 2248 6661
1090 2184 1210 2266 praeter

102 2303 195 2366 quam
236 2286 319 2368 quod
353 2286 580 2368 inscriptionem
616 2286 725 2369 capitis
762 2285 864 2368 quinti
899 2285 1067 2350 nouissima-
1102 2303 1210 2349 manus

101 2386 215 2450 saeculi
237 2387 322 2452 XVI.
344 2387 480 2466 addidit,
509 2387 614 2451 eadem
641 2387 699 2451 sub
724 2386 816 2450 finem
845 2387 954 2469 capitis
984 2385 1210 2450 undetricesimi

100 2506 196 2551 unum
217 2489 400 2554 uocabulum
423 2488 545 2553 deleuit.
583 2489 615 2553 in
637 2487 795 2554 uocabulis
811 2487 979 2552 scribendis
995 2487 1137 2551 librarius
1151 2485 1221 2550 sibi·
1258 2558 1262 2573 θ
1330 2512 1331 2519 ¹

100 2588 191 2670 plane
212 2608 272 2654 non
293 2591 420 2655 constat.

159 2778 179 2847 1)
209 2777 238 2830 16
267 2732 432 2846 Hilgenfeldi
460 2777 668 2846 ephemeridibus
696 2776 851 2846 theologicis
877 2775 929 2830 III.
960 2789 1037 2844 pugg.
1066 2772 1211 2836 82—1oa

102 2863 263 2919 363-393.

307 3023 328 3073 A
391 3043 427 3068 =
444 3019 498 3074 cod.
516 3019 701 3089 Agobardiuus

260 3111 325 3161 -A
392 3129 427 3154 =
445 3105 508 3175 quid
526 3108 555 3161 in
572 3107 597 3161 A
615 3108 651 3162 sit
667 3108 719 3180 iam
737 3108 836 3161 dinosci
854 3107 946 3175 nequit

305 3201 328 3248 Β
394 3218 429 3243 =
446 3194 528 3248 editio
546 3196 665 3263 princeps
682 3195 814 3263 Gangneii
967 3199 969 3204 ’

304 3299 348 3353 rap
394 3282 569 3335 :lectiones
588 3282 721 3335 uariantes
739 3281 773 3334 ad
789 3281 933 3348 marginem
951 3278 1074 3333 editionis
1089 3278 1223 3348 principis,
1330 3278 1331 3343 ξ

448 3370 593 3439 adscriptae

305 3477 322 3510 κ
397 3481 432 3506 z
449 3458 527 3511 codex
544 3456 686 3510 Clementis

305 3543 354 3598 ca
397 3567 432 3591 =
450 3542 711 3611 editio.Sigismnndi
728 3542 843 3596 Gelenii¹

312 3631 364 3684 Urs
399 3654 434 3679 =
451 3630 563 3683 Fuluius
580 3630 691 3683 Ursinus

307 3718 377 3772 Pom
402 3740 437 3765 z
455 3717 536 3770 editio
553 3716 644 3771 Jacobi
661 3716 773 3769 Pamalii

305 3804 379 3873 Lcop
397 3828 432 3852 =
450 3804 531 3857 editio
550 3803 676 3871 Le'opoldi

307 3892 372 3946 chl
395 3892 529 3946 :editio
548 3891 680 3946 Francisoi
698 3891 804 3945 Oehleri

417 4087 419 4093 ,
505 4050 816 4092 -—.—·⁴·>-—ss-·
