2706 4212
32 40 84 136 46*

116 245 201 309 nolui
224 246 274 309 29.
291 266 316 308 ro
343 265 412 311 cum
434 244 592 329 Gangneio
617 264 670 329 pru
698 248 895 325 uomiuutu'm,
925 248 1006 330 quod
1034 248 1082 313 est
1107 247 1140 312 in

32 350 95 414 eod.
116 351 155 430 A,
181 353 336 416 uuuiuuto
363 351 501 416 snubere.
544 370 615 415 nam
643 352 857 434 praeterquam
886 351 968 433 quod
995 352 1139 416 librarius

33 450 96 514 eius
126 450 237 517 codicis
266 452 459 535 negligenter
486 451 567 515 haud
595 469 693 533 pauca
723 452 756 514 in
789 452 946 516 scribendo
973 451 1137 535 praeterire

33 551 125 631 solet,
162 571 197 617 ea
227 571 306 634 quae
338 552 474 617 seruauit
506 551 644 616 accurate
672 551 704 615 ct
734 550 898 634 diligenter
926 551 1073 630 reddidit,
1104 552 1140 615 ut

34 653 282 733 praetermissum
303 672 368 717 esse
390 652 574 717 uocabulum
595 652 729 716 statuere
750 651 911 716 maluerim
932 671 1026 735 quam
1043 653 1138 718 corri-

32 772 102 836 gere
137 773 172 818 ea
208 771 285 836 quae
320 753 400 836 apud
428 772 498 817 sum
525 753 678 835 leguntur.
729 752 813 817 locus
842 752 924 816 enim
949 772 1009 818 non
1037 752 1073 817 de
1099 753 1138 818 iis
1255 764 1258 769 ·

32 856 79 920 est
100 855 154 920 ubi
176 854 252 938 quid
273 854 430 937 scripserit
451 854 502 916 uix
524 853 706 917 dinoscatur.

114 955 213 1032 30.1e‚
236 972 297 1035 quo
320 953 385 1018 loco
408 953 508 1018 deficit
529 953 592 1018 cod.
615 953 654 1032 A,
684 954 764 1035 apud
786 952 947 1019 Gelonium
976 955 1137 1038 leguntur:

31 1058 135 1120 oucuu'u
154 1054 219 1119 c‘tlc‘c
240 1091 279 1099 -
295 1053 430 1135 proinde
457 1052 532 1118 tube
552 1073 589 1118 uc
608 1055 637 1117 ei
657 1052 817 1118 stillicidio
844 1054 943 1121 ructus
965 1056 1002 1120 dc
1030 1055 1137 1122 ucuu·

31 1156 98 1220 culo
127 1155 184 1237 (ita
211 1153 332 1238 Iunius)
360 1159 515 1220 ucueuuc
566 1153 744 1219 Franciseus
773 1154 879 1219 Iunius
908 1176 945 1221 uc
970 1148 1165 1236 stc'tucu'dc'a,¹

33 1257 110 1339 quod
141 1256 242 1320 nescio
271 1274 310 1319 an
338 1257 439 1337 praest
457 1256 480 1319 t.
539 1273 611 1323 nam
633 1255 770 1338 prolude
796 1275 833 1320 uc
862 1275 899 1321 no
935 1257 1049 1322 scribas
1078 1276 1138 1322 non

31 1360 133 1423 uetare
155 1357 297 1422 uidentur
318 1374 396 1437 quae
416 1355 452 1420 de
473 1355 583 1419 uocula
604 1375 640 1421 uc
660 1374 728 1439 pag.
752 1357 770 1418 2
793 1358 854 1422 not.
877 1359 1007 1439 exposui.
1051 1358 1138 1440 atqui

31 1458 121 1523 facile
149 1458 178 1521 sc'
204 1460 326 1539 propter
354 1456 532 1537 sequentem
561 1473 667 1520 uocem
694 1457 727 1519 in
759 1456 891 1521 alterurn
919 1458 956 1521 de
986 1477 1044 1540 quo
1075 1459 1137 1523 dixi

30 1559 166 1625 codicem
193 1557 346 1640 Gangneii
374 1558 503 1639 irrepere
531 1558 656 1638 poterat.
695 1559 798 1622 tamen
825 1577 893 1623 cum
921 1559 1009 1624 Iunio
1039 1561 1137 1625 faeere

32 1658 187 1737 dubitaui,
223 1657 364 1740 quamuis
400 1656 607 1722 duriusculum
642 1676 706 1722 esse
748 1678 808 1724 non
842 1660 980 1743 ignorem
1005 1660 1136 1742 ellipsin,

31 1784 93 1847 qua
128 1765 193 1830 cusu
225 1763 385 1829 stillicidio
420 1762 519 1827 mettio
547 1762 584 1827 dc
615 1763 774 1829 lucunculo
808 1771 955 1831 ueucuuto
989 1767 1137 1832 habeus

32 1867 134 1930 mente
156 1866 188 1929 et
209 1863 390 1948 cogitatione
411 1864 585 1947 intelligere
608 1865 736 1947 cogaris.
1087 1950 1090 1957 γ

112 1967 179 2031 hiat
199 1966 283 2029 locus
297 1966 347 2029 31.
363 1984 396 2029 no.
426 1965 555 2047 scriptor
576 1984 594 2030 a
615 1966 704 2031 rebus
725 1965 853 2030 inludis
868 1967 1050 2033 circensibus
1066 1987 1136 2034 con·
1154 1951 1157 1958 ’

30 2066 190 2149 spiciendis
219 2066 250 2130 et
280 2066 506 2131 considerandis
528 2064 716 2131 Christianos
745 2067 866 2131 reuocat
893 2067 932 2131 ad
960 2086 1008 2132 res
1037 2087 1136 2137 sacras

30 2170 60 2232 et
89 2168 223 2245 diuinas,
245 2169 281 2231 ut
309 2186 388 2249 quae
414 2167 659 2234 Christianorum
686 2170 857 2249 spectacula
884 2169 948 2234 sint
975 2170 1135 2253 significet.

29 2269 121 2350 atquo
144 2267 281 2350 singulas
298 2286 346 2332 res
364 2268 544 2352 ita-digerit,
566 2270 601 2332 ut
615 2288 684 2333 eum
699 2268 830 2352 singulis
845 2269 945 2335 uerbis
959 2272 1134 2355 coniungat.
1194 2260 1197 2266 ’

31 2370 62 2433 in
83 2388 142 2434 uno
163 2370 268 2434 tamen
289 2369 416 2434 uerbum
440 2368 535 2447 deest,
567 2387 628 2451 qua
649 2387 681 2434 re
704 2370 828 2452 signum
852 2370 978 2435 lacunae
1001 2372 1135 2453 apposui.

29 2470 199 2551 periclitor:
230 2462 338 2534 cursus
357 2470 474 2535 soeculi
493 2470 620 2548 iutucre,
641 2474 785 2555 temporo
800 2470 934 2536 ludcutic
955 2470 1135 2555 [computat

27 2572 130 2653 spatio
151 2571 314 2635 diuumcru
335 2589 359 2635 e.
381 2590 409 2653 q.
433 2590 457 2634 s,

111 2681 161 2747 31.
183 2699 210 2740 u
238 2681 274 2745 ut
303 2685 331 2744 ec
359 2678 500 2743 adderem
527 2677 593 2743 cod.
615 2677 644 2742 A
670 2679 777 2744 suasit.
827 2679 860 2743 in
889 2698 947 2762 quo
970 2700 1040 2746 cum
1062 2681 1136 2746 haec

30 2782 121 2845 uerba
149 2782 307 2864 legantur:
344 2779 421 2843 sutis
448 2776 535 2841 uota
562 2779 735 2843 litterarum
764 2784 793 2843 ct
811 2781 889 2845 sutis
908 2786 1135 2858 sculcutc'uruu

28 2882 107 2964 apud
130 2881 323 2965 Gangneium
344 2881 463 2944 autem:
491 2879 569 2944 sutis
588 2879 676 2943 uolnus
697 2879 870 2944 litterarum
891 2887 948 2960 cst,
969 2882 1047 2947 sciis
1066 2901 1135 2945 uer·
1187 2951 1191 2960 ,

27 2999 134 3058 suum,
161 2979 238 3044 sutis
263 2980 496 3056 sculcuticrucu,
524 2977 557 3041 in
585 2977 664 3042 libro
690 2977 876 3061 agobardino
899 2979 1044 3046 excidisse
1055 2982 1135 3063 ‘qui-

28 3083 97 3147 dem
132 3083 257 3164 apparet
292 3082 385 3147 uerba
420 3098 497 3163 quae
531 3080 611 3162 apud
644 3079 837 3165 Gangneium
872 3081 953 3147 inter
988 3081 1136 3147 uocabula

27 3181 201 3251 litterarum
221 3181 253 3244 st
273 3182 351 3246 sutis
371 3179 591 3245 scuuutiurum
612 3181 700 3258 sunt,
728 3181 764 3244 ut
783 3181 887 3245 tamen
909 3181 941 3244 in
963 3179 1064 3244 codice
1085 3199 1135 3243 ar-

27 3283 155 3366 chetypo
177 3281 256 3345 unde
279 3282 448 3364 descriptus
471 3281 569 3346 estid
591 3283 671 3346 esset
692 3281 772 3364 quod
793 3282 930 3346 restitui:
951 3283 1030 3347 satu
1049 3281 1136 3347 uotis

26 3381 198 3448 litterarum
220 3385 345 3449 atsutia
368 3403 515 3447 uersuum
535 3387 594 3463 est,
623 3384 701 3447 eutis
721 3384 950 3451 seruaturum.
991 3384 1135 3449 librarius

28 3485 110 3549 enim
132 3485 171 3551 ab
192 3485 287 3550 altero
308 3486 386 3550 suis
406 3483 446 3548 ad
467 3484 597 3548 altemm
618 3483 780 3548 aberrauit.

111 3597 189 3660 aar
209 3594 308 3674 facili,
335 3596 396 3668 nisi
417 3594 523 3673 fallor,
548 3593 670 3676 negotio
692 3592 851 3682 restitutus
872 3592 928 3661 est.
972 3610 1044 3675 nam
1065 3610 1134 3656 cum

26 3694 58 3758 in
81 3695 146 3760 cod.
163 3696 192 3760 A
212 3695 254 3759 sit
267 3718 367 3778 pur..
385 3700 457 3760 suut
476 3693 581 3772 multu,
603 3694 682 3758 mira
696 3709 767 3756 sane
782 3693 854 3755 sunt
867 3709 944 3787 quae
959 3688 1134 3774 Gangnoius

26 3795 149 3878 praebet
173 3817 282 3880 purus
308 3797 363 3861 scd
390 3796 503 3876 multu,
536 3795 623 3879 quasi
652 3812 723 3859 uero
745 3794 953 3858 Tertullianus
983 3793 1135 3857 uirtutum

26 3915 97 3961 cum
124 3897 209 3962 uitiis
235 3897 268 3961 in
295 3898 362 3962 uita
394 3897 528 3963 humana
554 3896 721 3962 certamina
748 3912 843 3977 parua
867 3913 933 3959 esse
955 3891 1066 3957 dixerit
1086 3892 1135 3957 uel

27 3997 125 4065 dicere
153 3999 297 4082 potuerit.
336 3999 425 4081 plane
453 3997 619 4065 absurdum
641 3997 688 4063 est
708 3997 813 4063 Ursini
827 4018 936 4080 puucu
953 3996 1011 4062 scd
1028 3993 1134 4074 mauu,
